3166 4934
144 311 243 367 Breve
260 327 289 366 e.
307 309 335 366 c.
354 309 424 366 mae
441 309 535 368 ravo:
561 308 744 382 neomep
762 311 815 385 aa
834 305 1067 380 nereensem.
1084 309 1120 364 aa
1142 306 1279 400 nepem:
1325 286 1386 360 109

145 484 210 563 das,
233 485 269 548 ut
291 482 423 568 singulis
447 482 534 549 feriis
555 482 659 562 sextis,
684 483 716 546 et
736 480 909 566 pervigiliis
929 479 1011 546 inira
1033 477 1148 548 annum
1171 480 1309 558 salubria
1332 482 1387 548 ad-

145 586 251 652 bibere
282 585 477 652 condimenta
506 604 727 670 quaecunque,
762 583 873 670 quibus
903 587 1007 652 tamen
1031 585 1064 650 in
1086 584 1178 650 unica
1200 586 1386 651 comestione

141 689 253 774 jejunii
286 690 394 756 diebus
425 689 474 755 uti
503 690 550 756 fas
581 689 651 756 erit.
695 688 786 754 Hanc
807 689 969 772 praeterea
982 689 1173 764 ,facultatem
1197 688 1236 754 ad
1259 690 1385 773 septen-

106 817 109 824 ·
143 793 230 860 nium
253 794 369 878 pariter
399 793 542 859 omnibus
575 794 608 858 et
637 791 769 876 singolis
798 792 979 878 Hungariae
1009 791 1174 858 Sacrorum
1197 793 1387 871 Antiatibus,

145 917 180 964 ac
207 898 333 964 Nullius
360 897 518 962 Dioecesis
551 897 752 962 Praesulibus
779 897 817 962 de
845 897 952 963 eadem
977 896 1157 981 Apostolica
1190 897 1387 962 auctoritate

144 1021 199 1086 pro
221 1021 296 1068 snae
319 1003 468 1085 cujusque
490 999 646 1067 Dioeceaie
668 1000 813 1066 fidelibus
834 1002 1046 1085 impertimus,
1075 1001 1205 1085 ideoque
1228 1001 1300 1066 Tibi
1322 999 1386 1069 Ve-

145 1106 293 1172 nerabilis
314 1105 440 1186 Fra-ter,
471 1103 671 1182 mandamus,
695 1105 731 1170 ut
754 1104 887 1189 singulis
907 1105 1042 1189 praefati
1063 1105 1151 1190 regni
1173 1105 1387 1188 Areniepisao

145 1210 203 1293 pis,
227 1209 395 1293 Episcopis,
418 1228 454 1275 ac
476 1209 677 1284 Praesulibus
698 1209 815 1277 nullius
837 1208 994 1276 Dioecesis
1020 1210 1228 1293 praesentium
1250 1209 1387 1276 Littera-

147 1331 216 1378 rum
226 1313 412 1378 Nostrarum
427 1313 581 1396 exemplar
597 1331 691 1378 manu
714 1315 769 1379 tua
790 1313 998 1396 subscriptum
1021 1314 1052 1378 et
1070 1313 1269 1398 obsignatum
1285 1315 1386 1380 hana

146 1417 264 1482 mittes.
311 1417 450 1484 Durante
472 1418 576 1483 autem
599 1416 759 1500 septennio
781 1417 874 1495 Tibi,
900 1416 1090 1483 Venerabilis
1112 1417 1237 1498 Frater,
1261 1417 1387 1482 ceteris·

146 1537 205 1600 que
234 1519 397 1586 Sacrorum
425 1521 630 1588 antistitibus
657 1541 693 1587 ac
721 1521 922 1588 Praesulibus
952 1521 1138 1605 supradietis
1170 1519 1386 1604 praecipimus,

145 1624 182 1687 ut
204 1623 336 1708 singulis
358 1625 447 1690 annis
470 1626 600 1710 quisque
629 1625 662 1692 in
694 1644 752 1691 aua
773 1625 913 1691 Dioecesi
935 1625 1147 1708 supradictum
1169 1623 1325 1690 indultum
1348 1623 1389 1690 ad

147 1743 261 1792 annum
284 1746 339 1810 pro
362 1727 506 1796 fidelibus
528 1729 685 1796 Dioecesie
707 1747 780 1794 suae
803 1728 988 1796 duraturum
1009 1728 1207 1814 promulget,
1241 1730 1335 1813 atque
1356 1729 1389 1794 in

147 1829 279 1914 singulis
301 1830 478 1915 hujusmodi
501 1831 803 1916 promulgationibus
826 1833 991 1918 delegatae
1013 1833 1123 1917 cuique
1145 1831 1185 1897 ad
1207 1833 1240 1898 id
1251 1833 1388 1918 Aposto-

145 1933 224 2000 licea
248 1934 445 2002 auctoritatis
467 1935 584 2002 mantio
606 1936 672 2002 fiat.
718 1936 763 2002 Te
786 1938 906 2018 autem,
930 1935 1123 2003 Venerabilis
1144 1937 1271 2015 Frater,
1306 1937 1389 2002 eete-

147 2054 258 2120 rosque
279 2039 479 2106 Venerabilcs
500 2041 627 2107 Fratres
648 2041 902 2126 archiepiscopos
924 2043 956 2106 et
977 2042 1164 2126 Episcopos,
1201 2059 1238 2106 ac
1260 2039 1389 2106 dilectos

146 2138 228 2205 filios
251 2141 412 2209 Praesules
435 2140 619 2212 memoratos
641 2145 673 2210 in
696 2146 826 2212 Domino
849 2145 1030 2224 hortamur,
1054 2147 1090 2212 nt
1114 2145 1259 2212 moneant
1280 2143 1388 2210 fideles

147 2261 221 2308 suae
244 2264 335 2312 curae
357 2249 549 2316 concreditos
571 2249 651 2316 hanc
674 2248 806 2318 Sanctae
820 2249 909 2316 Sedis
932 2250 1161 2336 indulgentiam
1184 2248 1224 2314 ad
1246 2248 1389 2334 benigni·

148 2348 246 2414 tatem
270 2350 372 2437 aliquo
394 2352 521 2436 pietatis
544 2372 643 2436 opere,
667 2355 698 2418 et
721 2354 824 2438 aliqua
846 2354 880 2418 in
901 2373 1052 2438 pauperes
1073 2353 1266 2437 eleemosyna
1280 2371 1389 2435 repen-

148 2450 231 2517 dere.
263 2453 349 2520 Haec
371 2456 576 2536 concedimus,
599 2459 632 2523 et
654 2457 834 2541 elargimur,
858 2458 999 2523 volumus
1021 2477 1058 2524 ac
1076 2457 1231 2540 jubemus,
1255 2475 1315 2522 non
1335 2457 1390 2521 ob-

149 2557 305 2622 stantibus
327 2559 468 2641 quamvis
489 2561 616 2644 speciali
643 2564 737 2646 atque
764 2561 924 2626 individua
953 2561 1109 2628 mentione
1131 2580 1168 2628 ac
1190 2560 1390 2644 derogatione

149 2659 253 2744 dignis
275 2661 308 2726 in
330 2663 519 2728 contrarium
541 2663 727 2728 facientibus
750 2663 1003 2747 quibuscumque.
1029 2661 1389 2747 Praecipimusdemum,

149 2765 186 2828 nt
207 2764 417 2846 praesentium
431 2763 622 2830 Litteramm
643 2765 848 2849 transumptis
868 2784 922 2830 seu
944 2765 1090 2848 exemplis
1113 2765 1208 2830 etiam
1231 2763 1390 2847 impressis

149 2885 244 2932 manu
265 2869 321 2932 tua
342 2867 523 2951 subscriptis
546 2870 579 2935 et
599 2869 792 2954 obsignatis,
816 2868 924 2935 eadam
947 2887 1072 2952 prorsus
1094 2867 1170 2934 fides
1193 2867 1389 2946 adhibeatur,

150 2988 228 3052 quae
251 2969 459 3053 adhiberetur,
482 2971 557 3055 ipsis
579 2973 792 3056 praesentibus
819 2974 846 3038 si
868 2974 970 3039 forent
991 2973 1145 3040 exhibitae
1168 2971 1217 3038 vel
1239 2972 1389 3038 ostensae.

152 3072 267 3138 Datum
290 3075 406 3140 Romae
428 3075 510 3159 apud
532 3075 562 3144 S.
586 3076 715 3142 Petrum
744 3076 802 3143 sub
824 3076 949 3144 Annulo
972 3077 1141 3144 Piscatoris
1163 3075 1213 3140 die
1235 3075 1288 3139 Vl.
1311 3073 1390 3157 Maii

151 3176 387 3246 undeceni.
433 3180 636 3248 Pontificatus
664 3181 771 3246 Nostri
800 3180 890 3247 Anno
916 3181 1193 3266 vigesimaquarta.
1238 3179 1299 3244 Pro
1320 3179 1390 3244 Duo

152 3280 242 3348 Card.
265 3282 445 3349 Paraeciani
468 3283 595 3350 Olarelli
616 3285 649 3348 Il,
674 3284 782 3350 Profili
796 3284 1009 3352 'substitutus
1034 3321 1075 3331 —
1099 3281 1275 3350 Venerabili
1285 3281 1390 3348 Fratri

151 3386 266 3452 Joanni
288 3387 519 3472 Arcbiepiacopi
540 3389 775 3474 strigoniensi«

254 3491 300 3555 En
320 3491 492 3575 Apostolici
524 3495 615 3579 hujus
644 3494 752 3560 Brevis
777 3493 935 3560 tenoribus
962 3491 1139 3577 intelligere
1168 3509 1298 3575 pronum
1328 3491 1385 3572 est,

151 3593 398 3680 archiepiscopis
420 3599 452 3662 et
475 3597 633 3682 llpiscopis
654 3598 836 3682 Hungariae
858 3596 1031 3679 duplicem,
1054 3595 1094 3660 ad
1117 3595 1310 3679 septennium
1333 3593 1391 3660 dn-

152 3698 308 3778 raturam,
331 3702 519 3783 potestatem
541 3702 658 3790 iactam
682 3719 765 3780 esse,
796 3698 961 3765 nimimm:
1010 3698 1041 3784 1)
1071 3717 1176 3765 ornnes
1196 3699 1228 3764 et
1250 3696 1390 3782 singulos

152 3817 278 3868 suarum
307 3803 501 3870 Dioecesium
534 3804 641 3870 fideles
671 3803 709 3870 ab
739 3803 929 3869 abstinentia
955 3803 1094 3870 carnium
1124 3802 1233 3868 diebus
1261 3800 1390 3868 Sabbati

152 3921 206 3985 per
228 3923 341 3971 annum
364 3908 560 3976 Auctoritate
572 3908 751 3993 Apostolica
773 3901 968 3984 absolvendi;
990 3906 1023 3973 in
1047 3926 1137 3991 super
1160 3909 1194 3992 2)
1216 3906 1302 3972 fariis
1324 3925 1392 3972 aex-

153 4006 195 4071 tis
217 4027 271 4091 par
294 4029 417 4092 aunum,
440 4013 588 4078 festorum
611 4013 687 4078 item
709 4012 899 4097 pervigiliis,
922 4011 955 4078 in
976 4012 1088 4095 quibus
1109 4011 1161 4076 lex
1179 4009 1290 4094 jejunii
1312 4009 1391 4076 obli·

152 4112 225 4194 gat,
259 4112 368 4179 itidem
391 4115 532 4181 omnibus
559 4117 591 4182 et
611 4115 744 4200 singulis
764 4114 908 4182 fidelibus
928 4133 1020 4182 usum
1042 4113 1213 4180 salubrium
1236 4112 1296 4179 cibi
1319 4131 1391 4180 con·

153 4214 362 4282 dimentorum
384 4236 634 4304 quorumcunque
656 4219 724 4302 pari
746 4218 931 4284 auctoritate
951 4216 1146 4284 concedendi.

259 4320 371 4406 Vigore
404 4323 510 4407 itaque
538 4323 701 4408 delegatae
732 4322 809 4388 mihi
834 4341 889 4406 per
914 4321 1149 4406 praelaudatum
1178 4321 1391 4406 Apostolieum

153 4428 252 4494 Breve
274 4427 438 4512 potestatis
459 4446 564 4493 ornnes
586 4429 619 4494 et
640 4427 779 4511 singulos
800 4425 1045 4492 Archidioecasia
1067 4445 1155 4492 meae
1176 4425 1301 4502 fideles,
1329 4425 1391 4488 hue

152 4530 320 4597 intellectis
350 4532 445 4598 etiam
474 4532 615 4598 omnibus
642 4530 828 4617 presbyteris
862 4528 1091 4611 saecularibus,
1126 4531 1165 4596 ab
1199 4526 1390 4592 abstinentia

154 4633 292 4702 carnium
314 4635 425 4702 diebus
446 4633 575 4704 Sabbati
597 4654 653 4720 per
674 4653 809 4716 annum,
848 4634 886 4700 iis
908 4635 1013 4702 tamen
1036 4635 1075 4700 ad
1097 4631 1286 4717 exigentiam
1308 4629 1390 4712 Apo·
