3186 4942
162 236 271 316 XVIII
391 265 507 322 coacti.
532 255 677 321 'vaccones
694 278 766 321 ecre.
785 257 847 320 m:
885 259 930 320 De
947 261 1006 334 flcio
1025 264 1188 322 catholice.

161 457 299 525 unquam
331 437 553 518 contradicere.
598 435 705 502 inanis
743 438 847 502 autem
875 435 969 521 hujus
1000 437 1252 505 contradictionis
1282 438 1398 523 'species

161 545 232 611 inde
254 543 449 628 potissimum
471 541 580 620 oritur,
603 539 683 625 quod
706 541 754 606 vel
776 539 848 606 toci
870 540 1018 625 dogmata
1041 543 1080 609 ad
1096 544 1232 610 mentem
1244 543 1398 610 Ecclesiae

161 647 321 714 intellecta
342 648 376 713 et
397 645 534 730 exposita
556 665 616 710 nou
639 645 772 724 fuerint,
809 645 855 709 vel
879 643 1056 729 opinionum
1078 649 1252 713 commenta
1273 666 1328 732 pro
1350 665 1399 713 ra·

161 753 254 818 tionis
277 750 379 817 effatis
402 750 584 816 habeantur.
630 749 759 816 Omnem
791 749 889 834 igitur
912 752 1112 819 assertionem
1135 754 1260 819 veritati
1282 753 1400 820 illumi·

161 858 252 921 natae
274 855 347 922 fidei
371 854 556 921 contrariam
579 854 702 922 omniuo
724 854 835 921 falsam
859 874 924 922 esse
948 856 1111 924 delinimus
1140 858 1246 942 (Cone.
1269 859 1337 926 Lat.
1359 861 1398 924 V.

162 959 254 1025 Bulla
275 960 452 1042 apostolici
474 959 659 1043 rcpirnicte).
705 958 800 1024 Porro
823 959 971 1040 Ecclesia,
994 979 1073 1045 quiae
1095 981 1157 1028 una
1178 980 1250 1028 cunr
1273 964 1398 1047 aposto-

159 1063 221 1128 lico
243 1080 370 1130 munere
393 1062 532 1142 docendi,
555 1061 738 1128 mandatum
761 1064 890 1146 accepit,
913 1064 984 1130 toci
1006 1065 1179 1150 depositum
1195 1066 1400 1146 custodiendi,

158 1168 209 1250 jus
233 1166 327 1254 etiam
361 1168 394 1234 et
417 1167 566 1233 officium·
584 1167 734 1232 <livinitus
761 1168 856 1233 babet
886 1168 958 1234 talei
988 1170 1120 1236 nominis
1142 1170 1303 1236 scientium
1326 1189 1398 1254 pro·
1425 1149 1433 1164 ⁵

161 1270 326 1350 scribendi,
349 1289 387 1338 ne
409 1273 479 1356 quis
498 1292 519 1356 p
555 1271 670 1356 rpiatur
692 1290 746 1355 per
767 1271 1011 1356 philosophiam,
1042 1273 1075 1338 et
1096 1275 1219 1340 inanem
1243 1272 1400 1342 fallaciam

162 1374 290 1458 (Coloas.
311 1375 363 1454 11,
388 1375 441 1459 8.).
479 1374 672 1460 Quapropter
694 1394 800 1442 omnes
823 1375 986 1441 christiani
1007 1376 1116 1442 fideles
1139 1377 1316 1462 hujusmodi
1338 1377 1399 1460 opi·

161 1479 277 1558 niones,
298 1497 377 1563 quae
399 1479 471 1546 fidei
494 1479 652 1546 doctrinae
676 1481 847 1546 contrariae
871 1499 936 1546 esse
959 1483 1194 1567 cognoscuntur,
1218 1481 1351 1547 maxime
1374 1481 1400 1546 si

159 1584 198 1648 ab
210 1582 349 1648 Ecclesia
370 1583 551 1667 reprobatae
573 1583 698 1664 suerint,
721 1601 780 1649 non
803 1584 902 1651 solum
925 1584 1127 1669 prohibentur
1148 1588 1297 1669 hequem
1319 1584 1398 1669 legi·

159 1687 253 1754 tluras
275 1687 423 1753 scientiae
447 1687 654 1753 conclusiones
677 1686 850 1769 defendere,
873 1689 926 1752 sed
949 1707 1004 1772 pro
1027 1689 1181 1754 erroribus
1202 1688 1323 1771 potius,
1347 1688 1397 1771 qni

160 1789 304 1857 fallacem
326 1791 470 1857 veritatis
492 1791 624 1874 speciem
648 1810 722 1874 prae
744 1809 776 1856 se
800 1791 910 1872 ierant,
935 1792 1047 1857 habere
1070 1793 1216 1858 tenemur
1237 1793 1370 1858 omnino.

52 2079 220 2167 ΜΡΝ
172 2087 373 2213 l*pelleque
402 2100 502 2168 solum
532 2101 607 2166 tides
638 2103 670 2168 et
700 2101 781 2167 ratio
808 2101 891 2166 inter
920 2119 953 2166 se
975 2087 1130 2168 dissidere
1153 2121 1310 2186 nunqnam
1332 2121 1401 2187 pos·

156 2129 260 2285 ¹²IecurItI
250 2190 341 2271 leet
366 2223 453 2289 opem
474 2224 593 2290 quoque
617 2206 675 2272 sibi
699 2205 841 2270 mutuam
864 2205 987 2284 l'emnt,
1021 2224 1090 2270 curu
1118 2205 1205 2271 recta
1226 2205 1307 2270 ratio
1328 2204 1401 2271 filei

160 2309 362 2376 fundamenta
328 2307 593 2389 t,demonstret
627 2310 754 2396 ejusque
782 2307 900 2374 lumine
921 2308 1011 2374 illust
997 2310 1082 2374 trata
1104 2326 1205 2374 rerum
1226 2307 1401 2374 divinarum

159 2411 322 2480 scientiam
337 2412 479 2490 excolat;
499 2412 576 2478 fides
605 2431 677 2480 vero
704 2413 858 2478 rationem
879 2411 918 2477 ab
941 2412 1095 2478 erroribus
1117 2411 1230 2477 liberet
1252 2429 1288 2477 ac
1291 2410 1400 2477 tuea-

127 2508 129 2515 '
159 2519 220 2597 tur,
244 2535 371 2601 comque
393 2515 561 2600 multiplici
583 2516 758 2600 cognitione
781 2515 926 2581 iustmat.
954 2515 1148 2601 Quapropter
1162 2516 1287 2581 tantum
1303 2515 1399 2594 abest,

159 2623 196 2685 nt
218 2619 373 2697 Ecclesiat
396 2619 603 2686 humanarum
634 2619 749 2686 ortlum
779 2620 811 2684 et
837 2618 1072 2703 disciplinarum
1095 2618 1237 2686 culturae
1259 2619 1400 2697 obsistat,

159 2725 196 2788 ut
217 2721 298 2788 hanc
319 2723 426 2788 multis
449 2725 548 2790 modis
567 2724 657 2808 juvet
679 2725 773 2808 atque
795 2726 983 2807 promoveat.
1028 2724 1099 2789 Nou
1129 2722 1211 2790 enim
1242 2722 1401 2788 commoda

159 2825 198 2890 ab
221 2827 260 2891 iis
281 2826 320 2892 ad
342 2827 502 2892 hominum
533 2827 631 2892 vitam
657 2826 851 2892 dimanantia
874 2827 928 2891 aut
950 2826 1074 2911 ignorat
1097 2826 1152 2892 aut
1173 2823 1321 2909 despicit;
1355 2826 1401 2890 fo·

159 2931 245 2996 tetur
268 2931 339 3010 imo,
362 2947 425 3010 eae,
448 2931 706 3014 quemadmodum
730 2948 749 2996 a
771 2931 847 3009 Dec,
870 2931 1070 2996 scientiarum
1082 2927 1224 3010 Domino,
1249 2929 1401 3013 profectae

159 3022 242 3112 suunt,
264 3032 311 3098 ita
333 3036 359 3098 si
383 3035 443 3100 tlte
465 3035 703 3119 pertractentur,
727 3031 765 3098 ad
783 3033 893 3110 Deum,
911 3033 1042 3116 juvante
1064 3034 1131 3119 ejus
1154 3033 1267 3117 gratio,
1289 3031 1401 3114 perdu-

164 3154 240 3203 cere.
285 3137 352 3202 Nec
375 3155 448 3204 sane
470 3137 538 3221 ipsa
559 3139 655 3215 vetat,
678 3156 716 3202 ne
738 3135 916 3222 hujusmodi
939 3137 1120 3220 disciplinae
1142 3137 1173 3202 iu
1195 3153 1252 3200 suo
1265 3151 1400 3216 quaeque

161 3241 281 3306 ambitu
315 3243 445 3325 propriis
468 3243 596 3308 utantur
618 3239 776 3324 principiis
798 3241 830 3305 et
859 3240 981 3323 proprie
1010 3240 1172 3316 methodo;
1205 3237 1257 3305 secl
1282 3237 1399 3324 justam

163 3344 244 3410 hunc
273 3345 451 3411 libertatem
481 3363 670 3429 agnoscens,
707 3344 737 3408 id
767 3342 875 3408 sedulo
898 3345 1000 3424 cavet,
1015 3409 1022 3416 ,
1038 3363 1076 3409 ne
1100 3343 1223 3410 divlrrae
1244 3340 1401 3409 doctrinae

161 3448 360 3532 repugnando
382 3467 499 3514 errores
521 3448 553 3514 iu
577 3467 609 3512 se
632 3447 817 3531 suscipiant,
839 3447 896 3511 aut
917 3446 992 3513 finer
1016 3447 1152 3532 proprios
1174 3449 1399 3530 transgressae,

162 3569 209 3629 eo,
229 3570 307 3635 quae
330 3556 403 3618 suut
425 3552 507 3631 ficei,
531 3553 681 3636 occupent
703 3553 736 3617 et
751 3551 940 3636 perturbent.

531 3959 638 4072 R

204 4281 238 4345 ξι
234 4274 371 4384 Neque
393 4275 474 4342 eninr
498 4275 569 4342 fidoi
592 4277 741 4358 doctrina,
765 4295 856 4361 quam
880 4275 965 4342 Deus
987 4273 1155 4355 revelavit,
1193 4273 1280 4340 velut
1300 4271 1401 4358 philo-

161 4323 321 4460 sophicum
344 4376 500 4443 inventum
525 4381 680 4462 proposita
713 4382 761 4445 est
783 4380 958 4446 humanis
950 4379 1081 4464 ingeniis
1100 4377 1312 4468 priciencla,
1347 4375 1401 4440 secl

166 4480 316 4564 tanquam
338 4480 475 4546 divinum
498 4483 670 4565 depositum
691 4483 808 4548 Christi
831 4485 964 4570 Sponsae
988 4484 1118 4564 tradita,
1142 4482 1276 4546 liclelitcr
1298 4479 1401 4543 custo·
