3186 4942
10 13 15 228 l

208 207 233 278 ῙΙ
348 230 462 290 sonas.
487 226 582 290 Vatia.
602 230 680 292 Sese.
697 234 769 293 lv„-
789 230 916 294 Concttt.
938 237 1039 308 dogm.
1056 229 1080 294 Ῑ.
1099 239 1137 292 de
1155 229 1294 294 ecstasim

272 409 303 470 7·
338 425 457 489 Soglelclr
475 429 540 480 usclr
559 429 606 482 ter
623 428 774 482 teterlicuen
793 431 899 494 Sltzung
918 441 960 483 am
981 429 1021 481 18.
1041 429 1090 482 lull
1109 431 1241 483 arkllrteu
1255 429 1297 482 dle
1309 428 1444 482 csrdlutle

207 507 373 578 Raaschor,
392 508 657 585 Schwarsenberg,
677 512 827 578 Mettica,
846 513 1023 570 Hotenlolra
1045 517 1096 569 und
1124 518 1222 569 ebenso
1251 516 1319 583 ulele
1346 514 1445 567 cudere

206 595 390 664 concitaveras,
409 602 450 652 dle
468 599 557 654 alsuer
571 613 656 664 gagen
675 601 716 653 dle
736 601 916 666 opportunum
934 604 980 656 der
998 604 1135 657 Dedultlou
1155 604 1202 655 der
1221 602 1381 666 ptpstlleluen
1393 601 1444 654 Uu-

207 683 534 750 lehllrrrleltrulgetreteu
553 699 651 753 waren,
671 673 1089 754 lureuolleneieuuterwerlunr
1100 688 1443 752 unterclenscurelgende:

20 744 90 875 la

88 779 393 985 wancarae
416 805 590 889 comnena
608 808 719 888 poma
741 805 779 872 ae
801 806 947 874 aeonae
969 806 1101 886 cerasa,
1131 807 1216 872 roera
1244 810 1278 874 n
1301 805 1444 874 sesan

15 917 122 1085 ἃς
140 849 475 1032 meinamma
496 931 540 978 aa.
563 931 715 978 cacumen.
739 910 873 978 Consilii
892 883 1434 996 &matemautens-

45 1044 59 1062 ‘
124 1003 187 1084 m·
204 1029 285 1098 aas
307 1031 487 1116 maeones
508 1053 617 1100 serrae
637 1053 798 1100 samaram
823 1032 886 1099 Dei
908 1053 1000 1100 sacro
1022 1033 1215 1116 approbante
1247 1033 1379 1101 comalio
1401 1035 1444 1101 od

362 1143 375 1174 ⁸
582 1144 770 1222 perpetuam
791 1138 840 1204 rec‘
861 1139 1053 1204 memoriam.
1103 1141 1111 1170 ⁵

308 1240 420 1306 Pastor
441 1243 584 1306 aeternus
607 1244 640 1307 et
661 1241 820 1325 episcopus
844 1242 1018 1306 animarum
1048 1241 1235 1324 nostrarum,
1266 1246 1303 1310 ut
1332 1243 1444 1310 saluti-

204 1343 304 1410 ferum
326 1345 548 1428 redemptionis
570 1364 645 1412 suae
668 1364 744 1429 opus
766 1364 898 1428 perenne
924 1344 1085 1424 redderet,
1110 1347 1252 1412 sanctam
1281 1347 1444 1414 aedificare

204 1447 375 1514 Ecclesiam
398 1449 543 1530 decrevit,
567 1451 600 1514 in
621 1469 683 1533 qua
704 1450 801 1515 ueluti
823 1450 856 1514 iu
879 1448 969 1514 domo
992 1449 1051 1514 Dei
1079 1449 1211 1516 uiuentis
1241 1450 1348 1516 fideles
1377 1471 1443 1517 om-

206 1571 261 1618 ues
294 1553 386 1618 unius
417 1553 490 1618 fidei
523 1557 555 1619 et
588 1553 753 1620 charitatis
784 1553 907 1619 viuculo
945 1553 1185 1620 continerentur,
1241 1553 1443 1639 Quapropter,

206 1658 384 1742 priusquam
406 1659 645 1737 clarificaretur,
668 1659 791 1742 rogavit
820 1659 947 1724 Patrem
970 1679 1031 1724 nou
1052 1679 1108 1742 pro
1129 1658 1287 1743 Apostolia
1311 1662 1446 1744 tautum,

208 1762 262 1826 sed
285 1765 317 1828 et
338 1782 393 1846 pro
416 1764 470 1842 eis,
494 1764 547 1847 qui
570 1763 717 1829 credituri
739 1765 829 1828 erant
850 1783 904 1846 per
927 1763 1054 1830 verbum
1078 1781 1183 1828 eorum
1206 1763 1238 1828 in
1266 1763 1378 1846 ipsum,
1408 1767 1445 1831 ut

122 1933 123 1936 ,
208 1884 313 1932 omues
335 1885 432 1932 uuum
454 1869 567 1946 esseut,
590 1867 759 1950 sicutipse
781 1867 879 1931 Eilius
903 1868 934 1932 et
948 1868 1041 1932 Pater
1055 1867 1444 1950 uuumsuut.tGi.-=ioaurs.

206 1969 512 2056 fflzffrit-sqs)
561 1968 828 2051 Quemadmodum
861 1970 960 2055 igitur
993 1969 1167 2053 Apostolos,
1201 1990 1277 2056 quos
1313 1972 1375 2038 sibi
1406 1972 1445 2039 de

207 2075 322 2141 mundo
346 2075 498 2160 elegerat,
528 2075 630 2157 misit,
658 2076 740 2140 siout
770 2074 835 2158 ipse
862 2075 975 2142 missus
999 2076 1066 2140 erat
1088 2093 1107 2140 a
1129 2075 1242 2140 Patre:
1263 2077 1310 2141 ita
1330 2076 1363 2142 iu
1385 2077 1445 2142 Ec-

207 2179 302 2245 clesia
325 2199 382 2246 sua
405 2179 549 2246 Pastores
577 2167 609 2245 et
637 2179 785 2245 Doctores
814 2197 910 2263 usque
939 2178 979 2243 ad
1006 2179 1300 2244 consummationem
1331 2181 1443 2246 saeculi

208 2301 274 2349 esse
295 2284 404 2350 voluit.
448 2285 493 2351 Ut
522 2304 593 2350 vero
623 2284 827 2368 Episcopatus
853 2285 918 2366 ipse
948 2303 1027 2348 uuus
1058 2285 1090 2349 et
1116 2282 1267 2349 indivisus
1294 2287 1387 2366 esset,
1409 2287 1441 2350 et

207 2407 263 2472 per
285 2388 484 2455 cohaerentes
506 2389 566 2454 sibi
587 2389 726 2456 'invicem
756 2387 930 2454 sacerdotes
960 2387 1149 2453 credentium
1178 2387 1347 2454 multitudo
1374 2388 1443 2454 uui·

209 2511 296 2558 versa
318 2494 351 2557 in
374 2492 447 2557 fidei
469 2495 503 2557 et
524 2489 747 2584 communionis
765 2489 887 2556 unitate
908 2491 1151 2570 conservaretur,
1173 2489 1300 2556 beatum
1316 2491 1445 2558 Petrum

208 2596 340 2661 caeteris
362 2594 521 2679 Apostolis
542 2613 730 2679 praeponens
753 2594 785 2658 iu
812 2595 877 2677 ipso
905 2591 1045 2660 instituit
1073 2596 1255 2678 perpetuum
1283 2595 1445 2680 utriusque

207 2701 339 2766 unitatis
360 2699 546 2784 principium
569 2717 605 2764 ac
618 2698 739 2765 visibile
751 2698 999 2778 fundamentum,
1022 2716 1113 2782 super
1125 2698 1213 2782 cujus
1225 2698 1444 2766 fortitudinem

209 2807 371 2890 aeteruum
394 2805 603 2869 exstrueretur
623 2803 785 2886 templum,
814 2804 846 2868 et
867 2801 1023 2868 Ecclesiae
1050 2803 1134 2868 coelo
1164 2802 1323 2870 inferenda
1348 2802 1447 2871 subli-

209 2910 302 2974 mitas
336 2908 368 2972 iu
400 2909 493 2994 huJus
522 2908 594 2974 fidei
629 2907 778 2972 firmitate
812 2907 1020 2990 consurgeret.
1055 2905 1100 2989 (S.
1123 2905 1184 2971 Leo
1207 2905 1251 2971 M.
1274 2925 1365 2972 serm.
1389 2907 1445 2976 IV.

210 3011 361 3098 [al.111.]
385 3031 451 3097 cap.
486 3014 516 3078 2.
550 3012 583 3076 iu
616 3012 699 3076 diem
721 3008 846 3075 Natalis
869 3010 941 3092 sui.)
984 3009 1026 3074 Et
1047 3009 1192 3094 quoniam
1218 3011 1325 3093 portae
1354 3011 1447 3078 inferi

209 3118 249 3182 ad
272 3115 478 3195 evertendam,
500 3117 527 3181 si
550 3115 618 3181 fieri
638 3117 751 3199 posset,
778 3113 950 3178 Ecclesiam
978 3115 1084 3178 contm
1111 3113 1178 3197 ejus
1208 3113 1445 3181 fundamentum

208 3221 357 3288 divinitus
378 3223 514 3304 positum
536 3219 646 3304 majori
669 3220 701 3283 in
724 3220 788 3284 dies
811 3217 881 3284 odio
903 3216 1233 3301 undiqueiusmguut;
1256 3217 1322 3285 Nos
1337 3218 1443 3320 taque

207 3326 247 3391 ad
270 3327 321 3392 cat
362 3324 415 3390 lici
437 3325 542 3410 gregis
565 3323 1029 3420 custodiam„jueolumitatem,
1053 3323 1267 3406 augmentum,
1290 3305 1444 3408 sic‘chTp-

208 3449 262 3514 pro
285 3433 357 3497 ante
407 3449 474 3496 oucr
488 3449 528 3508 10,
550 3405 1051 3512 mcm'ssariffiriiffifflicamus,
1075 3427 1248 3492 doctrinam
1279 3426 1318 3494 de
1346 3429 1441 3493 iusti-

206 3536 337 3613 tutioue,
359 3533 585 3618 perpetuitate,
620 3550 656 3599 ac
689 3534 802 3598 natura
833 3532 915 3597 sacri
936 3529 1107 3614 Apostolici
1138 3531 1305 3614 primatus,
1327 3531 1361 3597 iu
1383 3551 1443 3616 quo

205 3639 303 3704 totius
326 3637 483 3702 Ecclesiae
505 3637 552 3704 uis
575 3655 611 3702 aa
634 3635 775 3703 soliditas
798 3635 950 3713 consistit,
974 3634 1092 3700 cunctis
1103 3633 1247 3701 fidelibus
1258 3632 1443 3706 credendam

205 3745 238 3809 et
259 3742 433 3822 tenendam,
457 3741 626 3806 secundum
648 3742 809 3824 antiquam
831 3742 924 3824 atque
954 3741 1147 3804 constantem
1176 3741 1360 3806 universalis
1382 3740 1443 3806 Ec-

205 3847 316 3914 clesiae
338 3846 441 3927 fidem,
463 3863 640 3929 proponere,
664 3846 757 3929 atquo
779 3844 957 3920 contrarios,
982 3842 1133 3908 dominico
1155 3843 1245 3928 gregi
1267 3844 1342 3910 adeo
1370 3861 1442 3928 pcr-

206 3951 337 4017 uiciosos
359 3968 477 4016 errores
499 3950 688 4034 proscribere
711 3951 743 4015 et
765 3948 976 4016 condemnare.

263 4245 368 4329 θαμά
389 4246 418 4312 Ι.
435 4245 492 4312 'De
515 4245 683 4328 apostotici
704 4243 870 4310 Primotas
890 4244 925 4309 ia
947 4243 1034 4308 teoto
1056 4239 1151 4308 Petro
1172 4241 1376 4307 institutione.

305 4385 460 4452 Docemus
488 4385 595 4468 itaque
630 4386 662 4451 et
695 4383 905 4461 declaramus,
936 4381 1026 4465 juxta
1063 4380 1227 4466 Evangelii
1261 4376 1441 4444 testimonia

202 4491 371 4574 primatum
392 4487 617 4574 jurisdictionis
648 4490 680 4553 in
708 4489 882 4553 uniuersam
913 4485 972 4552 Dei
998 4485 1170 4552 Ecclesiam
1198 4483 1379 4549 immediate
1409 4481 1442 4548 st

203 4595 321 4662 directe
352 4596 442 4661 beato
472 4594 566 4660 Petro
592 4593 740 4677 Apostolo
768 4589 952 4676 promissum
982 4593 1076 4676 atque
1105 4590 1254 4657 nodatum
1274 4606 1294 4655 a
1316 4587 1442 4654 sumto

38 4696 62 4744 u
