3186 4942
239 337 364 394 Schema
383 339 505 392 constit.
524 337 561 394 de
579 338 722 393 concord.
743 299 829 392 irater*
844 337 957 394 Euclea.
976 341 1005 394 et
1023 343 1125 396 societ.
1145 340 1202 396 cio
1238 318 1395 388 LXXXIX

155 510 276 596 publicu
299 509 439 588 sociatae,
462 509 549 592 cujus
573 508 654 574 ciros
678 505 771 574 simul
795 508 901 576 tideles
915 509 989 588 sint,
1014 513 1138 596 magnis
1167 513 1199 578 et
1216 512 1395 580 necessariis

152 613 262 679 officiis
284 611 441 702 obligatur
463 629 537 696 erga
560 611 617 677 Dei
631 610 813 690 Ecclesiam,
837 631 917 696 quae
939 631 1029 679 verae
1051 613 1212 699 roligionis
1223 615 1394 682 doctrinam

152 719 185 782 et
206 715 291 800 leges
312 716 346 781 et
363 714 437 800 jura
458 732 494 780 ex
517 713 620 781 divino
643 714 790 782 mandato
813 715 951 781 custodit
973 733 1009 782 uc
1030 717 1147 785 tuetur.
1191 717 1395 804 Quapropter

152 839 242 887 nemo
264 819 365 886 dicere
376 821 565 903 praesumat,
578 839 638 884 non
661 838 747 904 posse
770 821 988 886 auctoritatem
1013 822 1045 886 et
1063 821 1135 906 jura
1146 822 1302 890 Ecclesiae
1324 842 1395 892 cum

151 924 319 990 saecularis
340 925 505 1007 potestatis
525 923 648 1007 juribus
670 925 703 989 et
725 925 912 990 auctoritate
935 926 1102 990 consistere
1124 925 1218 1010 atque
1251 926 1320 992 ideo
1354 929 1394 994 ad

152 1029 301 1113 optimam
324 1029 484 1094 societatis
508 1028 663 1111 publicam
687 1017 837 1092 rationem
859 1029 1064 1094 necessariam
1098 1045 1165 1095 esso
1199 1029 1300 1098 ciuilis
1334 1031 1395 1098 rei·

152 1131 297 1216 publicae
319 1132 357 1196 ab
370 1131 510 1196 Ecclesia
531 1131 766 1215 separationem,
789 1130 835 1196 ita
858 1132 893 1196 ut
915 1131 1046 1215 imperio
1069 1135 1199 1218 negetur
1218 1132 1270 1217 jus
1293 1135 1325 1201 et
1347 1135 1395 1202 ol·

153 1235 261 1301 ficium
284 1236 442 1302 coercendi
465 1236 594 1302 sancitis
615 1236 721 1319 poenis
745 1235 908 1302 violatores
927 1235 1100 1304 catholicae
1130 1237 1301 1322 religionis,
1333 1241 1394 1306 nisi

154 1340 307 1422 quatenus
329 1357 388 1423 par
409 1339 532 1422 publica
554 1339 702 1422 postulet,
724 1339 775 1404 vel
797 1339 921 1404 omnino
944 1339 999 1420 ita,
1031 1342 1068 1404 nt
1095 1340 1231 1406 humana
1260 1343 1391 1409 societas

152 1443 360 1508 constituatur
381 1444 420 1508 et
434 1443 634 1528 gubernetur,
658 1443 745 1508 nullo
768 1442 874 1509 babilo
896 1441 937 1508 ud
965 1443 1147 1528 religionem
1168 1447 1322 1529 respectu,
1351 1467 1389 1514 ao

152 1545 179 1612 si
201 1563 238 1612 oa
260 1565 319 1612 non
352 1546 507 1628 existeret,
541 1547 591 1613 uel
623 1545 736 1612 saltem
770 1547 855 1612 nullo
888 1547 974 1613 tacto
995 1565 1100 1614 ueram
1131 1547 1391 1636 interfuisseque

155 1649 321 1734 religiones
344 1649 532 1717 discrimine.

257 1753 346 1834 Quod
371 1754 452 1820 inter
489 1753 696 1820 sacerdotium
719 1757 752 1819 et
774 1753 937 1838 imperium
960 1755 1089 1822 dissidia
1112 1758 1180 1822 orta
1202 1757 1277 1823 sunt
1297 1759 1331 1823 st
1360 1759 1392 1825 in

153 1857 221 1924 dies
240 1857 394 1938 eduntur,
416 1858 448 1925 id
470 1875 559 1925 nomo
582 1857 695 1924 audeat
717 1875 853 1924 asserere
876 1877 911 1924 ox
932 1859 999 1943 ipsu
1022 1859 1125 1926 indole
1148 1877 1184 1926 uo
1206 1862 1318 1927 nutura
1341 1882 1395 1947 po-

151 1962 517 2028 testatisecclosiasticac
530 1961 698 2045 provenire.
722 1962 1141 2048 Parvemintorutramque
1163 1966 1395 2048 potestotcmot

152 2067 430 2151 cuncordia‚quum
453 2067 583 2135 ecclesia
604 2085 725 2152 sempor
747 2069 845 2151 optat,
869 2069 901 2133 et
923 2069 1035 2135 humili
1050 2070 1274 2153 supplicatione
1285 2072 1356 2154 post
1378 2107 1393 2121 ·

155 2169 202 2235 lut
224 2170 329 2250 aDeo,
351 2173 469 2237 seruari
484 2189 641 2257 nunquam
653 2173 766 2255 potest,
787 2171 816 2236 si
837 2172 967 2239 libertas
979 2193 1108 2258 sponsae
1119 2173 1197 2240 Jesu
1209 2173 1327 2241 Christi
1339 2193 1394 2260 op-

154 2273 298 2359 primitur
320 2277 352 2340 et
373 2276 530 2343 violantur
548 2277 628 2360 jura,
652 2295 733 2360 quae
754 2277 892 2343 Ecclesia
915 2297 1053 2344 exercere
1076 2281 1171 2362 atque
1191 2280 1394 2364 integrasor-

153 2397 226 2446 raro
245 2397 307 2446 non
328 2380 428 2446 solum
451 2381 554 2464 potest
576 2379 630 2446 sed
652 2381 749 2447 etiem
772 2380 874 2461 debet,
897 2382 970 2465 quia
992 2381 1085 2446 simul
1109 2401 1180 2448 cum
1203 2381 1313 2448 officiis
1336 2399 1391 2449 oo-

150 2483 279 2550 haercnt
301 2501 379 2569 quae
401 2485 461 2568 ipsi
484 2503 503 2550 a
526 2484 629 2550 diuino
652 2503 707 2550 suo
729 2484 892 2550 fundatore
921 2484 1062 2568 inJunota
1092 2488 1167 2552 sunt
1192 2485 1233 2552 ad
1259 2486 1394 2552 salutem

149 2587 335 2654 animarum.
379 2589 567 2673 Hujusmodi
589 2589 672 2654 bella
692 2588 889 2671 iniquissima
912 2589 966 2670 qui
999 2586 1107 2654 volunt
1137 2606 1205 2654 csse
1238 2588 1394 2655 Ecclesiae

150 2691 219 2771 tilii,
241 2691 335 2757 matri
368 2710 442 2758 suae
476 2709 633 2776 nunquam
665 2691 827 2764 inferrent,
862 2691 889 2755 si
911 2691 1133 2774 imperantium
1157 2693 1190 2759 et
1211 2692 1392 2777 populorum

149 2795 307 2862 mentibus
330 2796 508 2861 constanter
529 2794 744 2860 observaretur
763 2793 879 2859 veritas
901 2793 1055 2860 achrieto
1078 2795 1210 2862 Domino
1232 2797 1391 2864 eemdssi·

150 2899 210 2965 mis
220 2899 322 2962 verbis
333 2899 499 2978 inculcata,
511 2897 590 2963 nihil
602 2897 747 2984 prodesse
759 2897 876 2963 homini
888 2899 1036 2965 mundum
1050 2901 1226 2966 uniuersum
1240 2901 1392 2968 lucrarisi

151 3001 273 3065 animae
283 3017 357 3066 suas
368 3001 590 3067 detrimentum
602 3002 752 3087 patiatur,
765 3003 858 3086 atque
870 3001 946 3068 adeo
957 3002 1146 3087 eupraillam
1154 3003 1393 3071 felicitatomvi·

149 3103 1393 3192 tuehumanueadquamcisilispotestasperscordinaturussednomsublimio·

148 3227 214 3274 rem
227 3208 355 3274 etunioo
366 3211 573 3276 necessarium
582 3209 785 3276 beat'tudinis
797 3212 942 3276 aeternae
954 3210 1094 3295 adquam
1104 3211 1243 3276 homines
1255 3210 1394 3296 pcrEoc·

146 3313 533 3394 lesiamsuntdedncendi,
556 3314 687 3398 ideoque
709 3313 817 3380 habita
838 3313 889 3378 uel
911 3314 976 3379 solu
999 3315 1119 3380 ratione
1141 3315 1212 3380 linis
1227 3315 1280 3398 qui
1297 3314 1393 3380 utris·

148 3437 208 3502 qne
238 3417 455 3502 praestituitur
475 3417 665 3500 reipublicae
698 3417 783 3482 ciuili
805 3415 976 3482 Ecclesiam
1011 3417 1089 3484 lesu
1117 3417 1236 3483 Christi
1266 3417 1391 3482 tantum

148 3522 333 3607 praecellere
368 3522 518 3606 qnantum
547 3521 641 3605 hujus
670 3521 755 3586 sitae
787 3520 949 3587 commoda
984 3538 1021 3586 ac
1051 3521 1132 3586 bona
1163 3521 1289 3604 saporat
1308 3517 1393 3584 salus

148 3627 322 3692 animarum
359 3645 420 3692 non
454 3643 529 3692 aum
563 3625 612 3690 vel
645 3625 775 3709 argento
809 3623 864 3688 sed
904 3624 1040 3708 pretioso
1078 3623 1231 3709 sanguina
1276 3621 1392 3689 Christi

149 3731 382 3814 redempturum
405 3731 438 3794 ot
459 3729 543 3794 uitae
566 3729 710 3794 aetarnae
732 3727 875 3793 solicitus.

252 3833 402 3914 Quamuis
432 3831 532 3916 igitur
565 3829 665 3896 ciuilis
698 3829 858 3896 societatis
893 3829 1054 3912 dispositio
1087 3848 1141 3912 per
1164 3849 1197 3893 se
1219 3829 1253 3893 et
1276 3825 1392 3894 directe

148 3954 211 4001 non
222 3935 260 4000 acl
272 3934 537 4019 supernaturalem
547 3933 739 4013 felicitatem,
749 3931 802 3998 sed
812 3932 850 3999 ad
860 3933 1028 4015 temporale
1037 3931 1270 3998 communitatis
1278 3931 1392 3998 bonnm

147 4038 313 4124 pertineat,
322 4038 508 4104 consulante
517 4039 623 4103 tamen
635 4035 813 4102 bominibus
826 4054 886 4101 non
898 4036 930 4101 in
942 4036 1000 4102 hoc
1011 4035 1204 4102 solummodo
1218 4035 1390 4104 sistendum

149 4145 207 4222 est,
218 4141 272 4208 eod
282 4143 456 4225 postulatur
467 4144 505 4208 ab
518 4143 608 4209 eisut
622 4141 785 4224 temporali
792 4142 871 4206 bono
878 4142 1054 4224 praeierant
1065 4141 1285 4223 sempiternum
1298 4141 1392 4224 atque

147 4248 217 4314 ideo
229 4265 289 4312 non
301 4245 445 4311 minusin
457 4245 589 4330 publicis
600 4247 692 4312 rebus
704 4263 797 4329 quam
810 4245 843 4309 in
855 4243 985 4328 privatis
996 4244 1140 4328 negotiis,
1157 4243 1249 4309 tinem
1266 4243 1393 4310 inforio-

148 4369 215 4418 rem
247 4369 307 4416 non
335 4349 381 4415 ita
402 4350 579 4432 respiciant,
602 4352 639 4416 ut
660 4349 754 4415 finem
776 4349 911 4415 hominis
945 4348 1090 4414 ultimum
1121 4349 1154 4414 et
1182 4348 1391 4414 necessarium

149 4457 189 4522 ab
212 4454 309 4521 oculis
331 4452 514 4531 dimittant3
537 4455 618 4520 unde
649 4454 675 4520 si
699 4453 821 4538 quaudo
847 4453 1014 4519 uideantur
1041 4451 1133 4518 utilia
1154 4470 1251 4537 regno
1272 4453 1392 4531 tempo-

148 4559 208 4625 reli
230 4577 308 4644 qnae
341 4559 430 4626 bonis
463 4558 695 4626 sublimioribus
726 4557 884 4626 Ecclesiae
916 4559 950 4626 ot
977 4559 1123 4625 aeternae
1145 4554 1257 4622 salutis
1277 4569 1393 4634 repug-

150 4661 235 4744 nent,
268 4681 305 4732 aa
338 4667 496 4752 uunquam
529 4663 687 4732 habebunt
721 4681 776 4751 pro
804 4664 888 4730 veris
909 4662 1007 4742 bonis,
1030 4661 1084 4729 sed
1106 4660 1225 4726 sincere
1246 4653 1391 4756 consequi
