3066 4920
61 270 170 327 Neue
189 267 340 327 Bcoollm.
358 269 414 327 der·
432 271 541 325 osten.
560 265 596 323 B.
614 266 670 325 B.:
693 267 835 328 Vereuso.
852 281 916 326 nco
924 267 1127 340 sarcasmos.
1147 266 1221 323 dcte.
1265 247 1329 314 315

63 441 242 523 millium,
272 441 434 528 llpiscopis
464 461 537 511 vero
566 443 598 510 et
627 441 826 508 Praesulilrus
855 439 982 508 Nullius
1003 437 1161 506 Dioecesis
1190 437 1331 506 eamdem

64 545 284 632 impertiendi
305 547 501 628 facultatem,
523 545 690 614 dummodo
714 566 806 616 onera
827 565 889 614 non
911 543 1227 614 excedautsummam
1238 543 1328 610 floro·

67 671 196 718 norum
218 649 380 718 duodecim
404 651 550 732 millium,
573 652 726 718 rationem
748 655 855 720 mmeu
878 667 915 717 ac
928 645 1326 732 terminumpraefinieude,

67 775 141 840 quo
167 775 219 822 aas
242 756 382 822 alienum
406 773 425 821 a
447 773 541 822 causa
561 756 614 841 pia
637 757 833 824 contractum
856 753 1053 848 dissolvatur.
1098 751 1186 834 Quod
1219 751 1247 818 si
1273 770 1326 817 ue·

67 857 500 926 cessafiaeinstauratioues
523 879 559 926 ac
580 859 816 929 melioramento
838 859 870 925 in
893 855 1217 944 aliquoecolcsiastico
1231 853 1327 921 fundo

69 963 257 1044 oocument,
280 979 379 1047 neque
402 982 456 1029 ass
478 961 613 1030 alienum
636 963 779 1031 contrahi
801 965 904 1049 queat,
928 963 960 1028 et
982 960 1103 1028 nonnisi
1124 979 1180 1046 per
1194 959 1327 1043 alicujus

68 1067 156 1134 boni
180 1066 383 1134 ecclesiastici
403 1067 610 1134 uenditionem
633 1067 814 1136 necessitati
834 1065 989 1152 provideri
1010 1064 1119 1151 possit,
1140 1062 1327 1130 hocincasu

70 1169 271 1237 concedendi
292 1170 477 1238 facultatem
499 1169 708 1239 uenditionem
730 1169 910 1257 perficiendi
932 1187 1002 1236 curn
1026 1166 1212 1245 conditione,
1235 1167 1276 1232 ut
1298 1165 1327 1232 si

71 1293 116 1340 ex
140 1274 243 1358 pretio
265 1277 409 1362 percepto
429 1293 502 1362 pars
524 1275 631 1361 aliqua
652 1276 803 1361 mpersit,
834 1274 943 1342 eadem
972 1273 1128 1339 fructuosa
1158 1269 1327 1337 codooetur

71 1377 256 1444 rationibus
278 1379 420 1466 superius
442 1379 597 1464 expositis.
633 1381 738 1476 'Porro
760 1398 856 1464 quum
879 1397 915 1446 ex
933 1378 1004 1464 jure
1035 1375 1180 1442 canonice
1209 1373 1243 1439 in
1273 1391 1326 1440 ca·

72 1481 147 1567 pite
174 1481 359 1548 ›famulas‹
383 1483 519 1550 facultas
541 1482 633 1550 detur
654 1483 765 1551 fundos
795 1483 899 1569 exigui
927 1479 1043 1548 valoris
1073 1476 1244 1559 alienandi,
1276 1475 1325 1542 cui

72 1585 208 1671 quidem
227 1585 309 1672 juris
329 1586 458 1673 regulae
480 1586 559 1653 nihil
582 1606 638 1672 per
658 1586 716 1654 has
737 1587 862 1654 litteras
884 1583 1229 1662 uolumusiuuovatum,
1251 1579 1327 1646 licat

72 1691 113 1755 iu
137 1689 244 1756 eadem
266 1689 368 1774 capite
390 1707 519 1758 oncrum
541 1691 721 1777 exiguarum
743 1689 901 1776 impositio
927 1689 1054 1756 minime
1083 1684 1323 1771 comprehenda-

75 1793 145 1874 tur,
168 1811 205 1860 cx
225 1793 436 1878 peculiaribus
458 1796 564 1862 tamen
585 1795 758 1863 rationibus
781 1795 917 1862 animum
948 1795 1098 1861 Nostrum
1126 1789 1323 1858 mouentibus

77 1899 115 1964 et
138 1915 175 1963 ex
204 1897 358 1984 singulari
388 1899 583 1967 conoessmue
612 1899 646 1966 in
674 1899 849 1986 exemplum
870 1897 999 1966 minime
1021 1893 1202 1964 munands
1223 1893 1323 1960 facul·

76 1999 183 2066 tatem
204 2001 402 2086 impartimur
424 2001 601 2088 imponendi
623 2003 842 2071 acclamasticis
862 2003 952 2070 bonis
975 2019 1078 2082 onera,
1108 2017 1187 2084 quae
1215 1999 1322 2064 tamen

76 2121 236 2170 summam
258 2103 442 2173 florenorum
464 2107 552 2174 mille
574 2126 635 2174 non
657 2109 846 2193 exsuperent.
891 2105 1082 2192 Hujmrnodi
1103 2122 1176 2171 rere
1200 2104 1267 2170 arn
1288 2101 1322 2167 in

75 2209 238 2294 praesenti
274 2229 367 2295 qaam
400 2211 433 2277 in
466 2212 616 2297 superiori
651 2211 783 2280 articulo
811 2211 982 2298 descriptas
1004 2209 1172 2277 facultates
1192 2206 1322 2274 minima

76 2312 244 2398 complecti
265 2314 407 2381 uolumus
429 2316 510 2382 bona
531 2316 572 2383 ad
593 2334 716 2382 mensas
739 2317 1055 2405 Archippiscoporum
1089 2313 1320 2398 Episcopum,

78 2419 176 2501 atque
198 2418 387 2484 sudditum
416 2418 543 2485 Nullius
577 2418 734 2487 Dioecssis
762 2419 960 2506 pertinentia.
1005 2417 1199 2503 Quapropter
1225 2433 1321 2500 quum

78 2521 120 2588 da
141 2521 229 2588 bonis
251 2521 368 2589 eisdem
391 2523 546 2609 agendum
568 2524 628 2591 erit
648 2525 680 2591 iu
703 2525 827 2592 casibus
847 2521 988 2609 superius
1011 2522 1174 2608 descriptis
1205 2520 1321 2586 suffra·

80 2625 176 2711 genai
197 2625 343 2712 Npuoopl
364 2625 496 2714 propriis
517 2624 1198 2714 respmnvenrcnicpisuopis,arcniepiscopi
1215 2626 1320 2690 autem

80 2731 116 2796 et
136 2729 305 2817 llpisccpus
326 2731 594 2799 wratislaviensis
615 2733 714 2800 Nobis
732 2734 769 2800 et
790 2731 822 2800 S.
844 2732 916 2800 Sodi
939 2729 1121 2798 immediate
1142 2728 1318 2814 'sutJectus

79 2850 138 2900 nac
170 2853 230 2902 nou
252 2835 416 2904 Praesules
449 2835 576 2903 Nullius
607 2836 766 2904 Dioecasis
798 2855 903 2923 proces
936 2836 1076 2904 deferent
1103 2834 1142 2902 ad
1164 2833 1320 2901 Nuntium

80 2935 306 3022 Apostolicarn,
337 2942 387 3008 cui
414 2940 529 3008 ideirco
557 2942 816 3026 quemadmodum
847 2939 1096 3026 drchiepiscepia
1130 2939 1319 3024 potestatam

80 3042 211 3110 facimus
244 3045 377 3129 petitam
409 3044 607 3132 impertiendi
639 3045 842 3127 facultatem,
875 3045 902 3112 si
940 3045 972 3111 in
1007 3043 1139 3111 Domino
1177 3042 1320 3129 expedire

82 3145 333 3214 existimaverint.

182 3249 240 3318 111.
263 3251 376 3318 liranis
396 3251 596 3319 manentibus
617 3251 781 3320 ordinariis
804 3250 1008 3319 facultatibus
1037 3250 1256 3338 llpiscoporum
1286 3252 1319 3318 et

83 3371 244 3420 caumrum
277 3355 398 3440 piarum
432 3374 487 3441 pro
522 3355 665 3424 iucundis
696 3355 902 3424 locationibus
934 3355 968 3422 et
1000 3353 1255 3422 conductionibus
1278 3354 1318 3420 ad

83 3457 249 3523 triennium
283 3458 470 3526 concedendi
502 3459 684 3526 facultatem
718 3460 888 3528 locationes
921 3461 1004 3546 ipsas
1037 3461 1070 3526 at
1102 3459 1320 3526 conductiones

83 3560 206 3627 ineundi
227 3561 267 3628 ad
290 3563 467 3648 quindecim
487 3582 593 3645 annos,
616 3564 748 3631 somatis
769 3565 803 3631 in
824 3565 955 3649 reliquis
976 3580 1133 3632 sacrorum
1167 3580 1319 3629 canonum

84 3665 380 3749 praescriptionibus.
426 3666 477 3734 Ad
499 3667 660 3735 emundes
682 3669 788 3735 autem
811 3668 927 3736 abusus
949 3668 1111 3736 nonnullos
1130 3668 1319 3734 etobsacuu-

84 3764 215 3832 dendum
238 3769 344 3854 aliqua
363 3771 483 3838 ratium
504 3771 730 3853 consuetudini,
752 3791 832 3857 quae
854 3773 887 3838 in
916 3771 1082 3840 lustriaco
1111 3770 1244 3856 Imperio
1269 3770 1320 3836 iu·

85 3869 189 3950 venir,
210 3871 248 3937 ut
268 3872 419 3939 benomm
441 3873 719 3941 ecclesiasticorum
741 3893 931 3960 possessores
952 3894 972 3942 a
993 3875 1315 3959 respectirisconduo

84 3975 198 4040 tentus
219 3975 340 4043 reditus
361 3996 416 4044 seu
437 3979 664 4063 praestationes
685 3979 719 4046 iu
740 3981 934 4046 antecessum
950 3979 1113 4064 accipiant,
1136 3979 1319 4048 monitam

87 4077 278 4162 impertiendi
299 4079 420 4147 reditus
441 4082 524 4166 ipsos
544 4101 600 4150 seu
621 4084 846 4168 praestationes
857 4083 1046 4169 percipiendi
1069 4085 1101 4150 iu
1113 4086 1317 4165 antecessum,

86 4181 129 4248 ita
149 4183 269 4266 umen,
298 4185 336 4250 ut
364 4184 438 4252 illae
467 4187 568 4271 quoad
597 4187 708 4255 fundos
734 4188 870 4256 urbanos
901 4207 962 4254 non
984 4189 1134 4278 excedant
1155 4209 1317 4271 summam,

87 4305 158 4371 quas
191 4285 224 4352 in
257 4288 401 4356 semestri
433 4291 536 4374 spatio
570 4311 588 4358 a
610 4291 795 4359 conductore
817 4291 976 4376 debeatur,
999 4295 1080 4379 quod
1104 4313 1176 4362 uero
1197 4295 1319 4379 spectat

87 4391 123 4457 ad
142 4391 220 4459 bona
252 4394 381 4475 rustica,
415 4395 581 4463 dummodo
613 4415 767 4464 summam
802 4415 862 4464 nou
895 4399 1212 4486 praetergrediuntur,
1239 4417 1318 4484 quae

87 4516 135 4579 per
154 4495 225 4562 anni
247 4497 383 4582 spatium
406 4499 628 4567 aconductorc
651 4501 694 4566 sit
717 4501 927 4586 persolvenda.

181 4601 236 4668 IV.
260 4603 298 4669 In
320 4603 442 4670 casibus
464 4605 606 4691 urgentis
628 4605 824 4674 necessitatis
847 4607 940 4694 atque
952 4605 1100 4674 utilitatis
1111 4605 1181 4696 piae
1196 4623 1316 4692 musae,
