3150 4950
162 343 290 406 Schema
308 352 402 404 conat.
421 348 457 406 de
475 363 552 418 spec.
572 349 655 420 quib·
674 349 789 412 Ecclee.
802 352 869 424 jun.
889 351 926 406 du
944 351 1096 442 velutad
1113 365 1174 408 suc.
1194 355 1276 410 ctvo'l.
1309 331 1381 404 XCI

143 519 196 598 sit.
220 537 279 584 non
301 521 350 586 est
371 519 455 586 onim
477 519 616 604 potestus
638 519 698 586 nisi
721 540 740 587 a
762 521 837 601 Deo,
859 541 938 607 quae
960 523 1063 590 11111]
1087 527 1170 604 sunt,
1191 525 1382 592 aDeoordi-

143 625 238 689 natae
260 625 372 701 eunt»;
395 625 428 690 et
450 641 485 690 er
507 625 645 708 ejusdem
673 624 813 709 Apostoli
843 627 1073 711 sententia,qui
1095 628 1175 696 banc
1194 630 1382 713 potestatem

143 727 239 806 tenet,
247 726 306 793 Dei
314 727 710 807 ministerest‚sivebonnm
719 729 945 798 facientibnsin
953 731 1078 812 bonnm,
1090 733 1280 801 dnemalnm
1288 753 1383 820 agen·

142 831 228 896 tibus
241 831 392 898 vindocin
403 831 1222 920 inamatqneideosubditornmobedientiamjuresno
1234 836 1381 921 postulat.

246 936 346 1002 Nemo
369 937 475 1020 itaque
498 936 604 1003 docere
627 936 751 1014 audeat,
774 936 895 1002 licitum
918 955 985 1006 esse
1008 939 1081 1006 huic
1100 939 1262 1025 legdtimae
1295 943 1382 1025 poto·

142 1039 221 1105 stati
243 1041 449 1119 vinaciolam,
473 1041 528 1107 auc
549 1059 604 1124 per
626 1041 845 1108 detestandum
866 1041 987 1112 facinus
1021 1061 1089 1110 eam
1119 1044 1383 1130 conjurationibus

145 1162 183 1209 ac
204 1143 370 1210 rebellione
400 1145 552 1225 evertere,
583 1145 636 1229 qni
662 1146 744 1211 enim
766 1145 887 1211 resistit
915 1147 1079 1230 potestati,
1109 1148 1168 1214 Dei
1196 1148 1383 1218 ordinationi

142 1245 273 1328 resistit,
296 1247 349 1333 qni
371 1249 477 1314 antem
495 1248 663 1330 resistunt,
685 1249 744 1334 ipsi
767 1248 827 1315 sibi
850 1247 1081 1319 damnationem
1104 1253 1279 1337 acquirunt.

249 1351 322 1417 Puri
366 1370 437 1418 nero
474 1351 594 1418 rabone
628 1351 784 1432 docemus,
817 1351 1044 1436 imperantibus
1077 1355 1112 1420 in
1142 1373 1217 1424 suae
1238 1357 1380 1441 poteste-
1465 1413 1470 1422 .

143 1455 187 1520 tis
220 1472 278 1522 usu
312 1456 441 1522 eandem
473 1475 612 1524 normam
636 1456 760 1524 divinae
781 1455 861 1541 legis
882 1475 949 1526 esse
971 1457 1167 1542 sequendam.
1212 1461 1274 1526 nox
1300 1459 1382 1530 enim

143 1558 272 1626 moralis
295 1559 359 1626 sine
381 1559 499 1626 lumine
521 1560 649 1651 rationis
679 1560 744 1628 sine
776 1579 831 1644 per
859 1562 1125 1645 supernaturalem
1163 1562 1382 1632 revelationem

142 1664 345 1732 manifestate
367 1664 449 1729 sicut
470 1683 525 1748 pro
546 1663 722 1730 bominibus
745 1662 979 1748 actionibusque
999 1665 1129 1750 priuatis
1150 1665 1197 1734 ita
1211 1684 1272 1734 nnn
1281 1664 1384 1734 minus

142 1785 199 1852 pro
221 1767 260 1833 iis
290 1767 344 1852 qui
373 1769 522 1852 praesunt
553 1769 586 1834 et
614 1787 669 1852 pro
697 1766 888 1851 publicorum
916 1788 1080 1836 munerum
1112 1769 1384 1840 administratione

143 1871 326 1956 actibusque
348 1872 515 1940 socialibus
539 1890 575 1940 ao
597 1871 732 1956 politicis
754 1872 857 1956 posita
878 1873 936 1940 est.
988 1873 1105 1940 Nonne
1133 1873 1240 1960 itaque
1270 1873 1384 1960 agendi

142 1993 205 2042 non
227 1975 260 2042 in
282 1977 423 2044 utilitate
445 1979 502 2044 ant
522 1977 555 2044 in
577 1975 789 2044 multitudinis
812 1977 953 2061 opinione
984 1993 1020 2044 ac
1047 1975 1206 2044 uoluntate
1236 1973 1384 2046 constitui

141 2080 257 2164 potest,
289 2079 411 2165 quando
433 2080 472 2148 ad
496 2080 607 2150 illinita
627 2099 663 2148 nc
685 2080 744 2148 Dei
775 2081 839 2167 logi
869 2081 1077 2166 repugnantia
1111 2079 1294 2165 impellunt3
1325 2080 1380 2150 sed

141 2185 318 2252 necessaria
356 2204 477 2252 morum
509 2186 619 2271 regula
651 2185 733 2252 11111
766 2205 820 2270 pro
850 2185 982 2253 subditis
1015 2185 1062 2252 ita
1083 2203 1138 2270 pm
1160 2185 1386 2270 imperantibus

141 2287 241 2354 ctiam
266 2287 299 2354 in
320 2289 456 2373 ipsorum
479 2290 658 2356 muneribus
680 2289 937 2357 administrandis
961 2293 1009 2356 est
1030 2289 1079 2372 lex
1101 2289 1160 2356 Dei
1179 2288 1385 2375 jubentisaut

142 2393 288 2471 vetantis,
312 2393 484 2460 secuudum
507 2412 716 2478 qnamomnes
738 2395 771 2462 iu
793 2412 935 2479 supremo
952 2393 1239 2480 judiciocommuni
1252 2391 1385 2460 Domino

140 2497 202 2563 aut
223 2497 350 2564 stabunt
372 2498 429 2564 aut
451 2497 571 2566 cadant.

250 2601 296 2666 De
326 2601 395 2685 ipss
420 2603 524 2668 autem
555 2601 667 2688 agendi
697 2621 804 2669 norma
830 2601 1001 2687 judicium,
1029 2601 1181 2686 11111111
1203 2599 1241 2666 dc
1263 2617 1384 2667 morum

140 2705 316 2785 honestate,
328 2705 367 2774 de
377 2705 464 2772 licito
478 2707 528 2778 vol
538 2706 649 2774 illicito
659 2706 860 2774 statuendum
874 2709 931 2788 111,
952 2725 1007 2790 pro
1030 2704 1115 2772 civili
1126 2704 1222 2772 etiam
1235 2703 1385 2772 societate

143 2807 340 2894 publicisque
362 2809 497 2897 negotiis
520 2811 560 2878 ad
582 2829 760 2896 supremum
782 2810 923 2877 Ecclesia
944 2809 1160 2894 magisterium
1182 2809 1327 2894 pertinet.

252 2912 331 2980 Sane
353 2913 386 2980 in
410 2915 459 2981 via
481 2914 593 2980 salutis
615 2915 759 2980 aeternae
781 2915 923 2982 omnibus
946 2917 1013 2980 tarn
1035 2913 1169 2980 subditis
1191 2931 1284 2998 quam
1295 2913 1385 2997 prin-

140 3015 264 3102 cipibus
286 3017 464 3086 Ecclesiae
486 3018 551 3086 Deo
574 3019 744 3085 const’tnta
766 3020 815 3086 est
848 3019 909 3084 dur
940 3019 972 3086 ct
1001 3019 1162 3104 magistra.
1207 3017 1316 3101 Neque
1346 3015 1385 3082 de

140 3122 370 3204 imperantibus
393 3122 496 3188 minus
519 3141 623 3190 verum
647 3122 781 3207 estqui
814 3122 986 3189 Ecclesiam
1019 3122 1151 3190 matrem
1185 3140 1246 3189 non
1278 3121 1384 3197 habet,

141 3226 245 3292 Deum
256 3229 376 3310 patrem
389 3226 502 3294 babere
514 3245 573 3294 non
585 3229 699 3312 potest.
722 3226 1112 3312 Utigitnrregemregnm
1125 3225 1293 3310 patremne
1307 3241 1381 3308 pro-

140 3329 258 3414 pitium
290 3327 404 3397 habere
434 3331 562 3414 possint,
596 3331 769 3398 Ecclesiam
798 3349 831 3397 se
868 3333 998 3398 matrem
1029 3329 1145 3396 babere
1174 3345 1207 3392 re
1234 3327 1266 3392 et
1295 3343 1386 3409 opere

141 3433 341 3517 comprobare
363 3434 528 3512 1111111111
550 3453 649 3519 neque
675 3433 768 3500 licere
798 3434 858 3500 sibi
888 3433 1066 3500 armtinnent
1094 3432 1158 3500 siue
1188 3431 1222 3496 in
1255 3429 1386 3517 priuatis

141 3539 211 3606 sive
233 3539 265 3604 ln
286 3539 418 3623 publicis
441 3538 573 3624 negotiis
596 3538 633 3604 ob
656 3538 799 3624 politicas
821 3538 957 3608 rationes
979 3537 1038 3604 Dei
1060 3538 1093 3606 et
1114 3537 1241 3622 1111111
1275 3535 1386 3602 matris

143 3642 305 3710 Ecclesiae
326 3644 413 3729 leges
435 3663 471 3710 ac
490 3642 563 3728 jura
585 3643 711 3710 violare.

250 3745 329 3834 Gap.
352 3748 428 3816 XV.
452 3747 503 3818 Dc
524 3747 713 3834 specialitus
735 3747 923 3830 quidusdam
943 3745 1107 3813 Ecclesiae
1123 3745 1254 3828 juribus
1274 3745 1310 3810 s'n
1332 3763 1385 3810 re-

143 3852 263 3918 latione
284 3852 327 3918 cd
348 3852 523 3919 1111111111
545 3851 667 3918 eisdem
689 3849 771 3935 (pag.
795 3849 946 3932 34-41.)

252 3955 338 4022 Inter
368 3955 634 4022 sanefissimorum
668 3955 786 4039 jurium
819 3953 1017 4032 violationes,
1051 3969 1130 4036 quae
1153 3951 1260 4019 nostra
1281 3952 1387 4018 aetate

144 4059 186 4126 ud
218 4059 358 4125 nationes
395 4058 550 4126 amoribus
589 4057 771 4124 inficiandus
809 4057 1106 4141 corrumpendosqne
1140 4054 1171 4120 in
1210 4055 1254 4122 eis
1287 4073 1387 4121 mores
1439 4071 1442 4078 ·

146 4163 333 4230 christianos
354 4163 580 4247 perpetrantur,
604 4161 661 4228 illa
683 4162 731 4227 est
752 4161 802 4228 nel
825 4161 956 4227 maxime
979 4159 1149 4244 perniciosa
1176 4179 1236 4244 qua
1258 4157 1387 4225 iraudu-

146 4269 226 4335 lcnti
247 4267 387 4336 homines
410 4265 611 4346 contendunt,
633 4263 756 4330 scholas
778 4283 883 4330 omnes
907 4263 1069 4328 directioni
1091 4281 1127 4328 ac
1140 4263 1269 4330 arbitrio
1291 4262 1387 4330 solius

147 4373 313 4459 potestatis
347 4370 447 4437 laicae
480 4369 687 4456 subjiciendas
721 4387 797 4449 esse,
830 4371 877 4435 itu
909 4370 946 4435 ut
975 4366 1144 4434 eurctoritas
1167 4367 1325 4436 Ecclesiae
1347 4367 1387 4432 ad

147 4475 370 4565 providendum
392 4475 555 4561 religiosae
576 4475 768 4543 institutioni
789 4477 823 4542 et
843 4472 1019 4540 educationi
1038 4473 1212 4558 juventutis
1241 4471 1388 4540 christie-

147 4601 207 4650 nae
228 4581 351 4652 omnino
372 4580 570 4666 impediatur.
615 4580 698 4663 Quin
719 4598 756 4647 eo
777 4577 1038 4665 usqueprogressi
1059 4579 1144 4657 sunt,
1166 4578 1203 4644 ut
1213 4576 1313 4660 ipsam
1335 4593 1391 4642 cas

148 4687 300 4758 tboltnam
332 4685 516 4776 religionem
551 4703 570 4756 a
600 4683 727 4772 publicu
761 4683 943 4756 educatione
965 4701 1080 4764 arcere,
1103 4683 1197 4770 atque
1219 4679 1388 4748 misenum
