3166 4934
356 273 538 388 melcomae
555 317 608 370 dea
627 285 901 386 Abettacnapebote
918 315 953 369 da
976 312 1112 386 cepam.
1311 295 1373 364 lll

131 487 356 572 benignitatem
380 487 483 570 aliquo
504 485 635 571 pietatis
655 473 756 570 opere,
779 486 811 552 et
834 484 940 568 aliqua
960 485 994 550 iu
1017 502 1166 569 pauperes
1181 483 1374 569 eleemosyna

131 591 296 676 rependere
318 593 478 676 satagant.
593 631 598 638 -

234 693 319 777 Quae
340 695 423 761 ultro
445 696 479 759 in
501 693 678 778 Apostolico
693 679 854 777 Rescripta
878 693 1084 771 continentur,
1108 711 1145 758 ea
1168 692 1207 757 ad
1229 691 1373 760 notitiam

130 800 293 865 dumtaxat
316 800 472 882 pertinent
493 798 562 866 DD.
586 797 770 864 curatorum
785 845 793 877 ‚
810 797 881 881 ,qni
907 797 1001 881 probe
1030 798 1143 862 norunt
1165 796 1374 864 dubitandum

130 921 193 978 nou
213 921 290 984 ease,
313 903 387 987 qula
410 903 517 986 elapso
539 901 697 986 septennio
719 900 750 968 S.
774 899 869 968 Sedes
882 901 1059 987 apostolica
1081 918 1188 986 parem
1210 901 1372 986 indulgen·

130 1007 219 1085 tiam‚
241 1023 409 1095 paremque
430 1005 656 1092 benignitatem
678 1005 836 1072 Ecclesiae
858 1003 1036 1074 Catholicae
1057 1007 1091 1072 in
1111 1005 1278 1092 Hnugeria
1301 1003 1374 1069 liliis

130 1108 330 1193 impertitura
351 1109 402 1174 eit

235 1213 375 1297 Denique
397 1212 538 1294 declaro,
575 1211 657 1297 qnod
688 1211 841 1278 absolutio
864 1231 883 1278 a
905 1213 1048 1278 carnibus
1071 1211 1215 1279 Sabbatis
1237 1230 1291 1295 per
1314 1230 1372 1277 an-

132 1335 216 1399 num,
240 1319 272 1382 et
295 1317 447 1384 concessio
469 1335 543 1384 usus
565 1315 763 1402 pinguedinis
786 1315 953 1400 cujuslibet
968 1316 1053 1382 feriis
1068 1317 1162 1383 sortis
1181 1335 1235 1400 per
1250 1335 1374 1398 annum,

133 1423 226 1505 atque
247 1421 280 1486 in
301 1422 450 1488 festorum
472 1421 600 1507 Vigiliis
623 1421 663 1487 ad
684 1420 857 1506 Regurlares
884 1410 1005 1506 quoqne
1026 1421 1189 1504 utriusque
1211 1436 1301 1486 sexus
1324 1439 1376 1486 ex·

132 1524 289 1605 tendatur,
312 1525 377 1591 illis
399 1527 505 1592 minen
526 1525 682 1610 religiosis
704 1525 841 1603 virorum
864 1521 1221 1590 autSanotimouialinm
1237 1539 1376 1590 commu·

131 1629 286 1694 nitatibus
310 1629 467 1713 exceptis,
496 1647 574 1712 qnae
601 1628 632 1693 ri
659 1627 840 1712 specialium
870 1627 919 1692 sul
951 1626 1077 1694 Ordinis
1106 1625 1375 1704 constitutionum,

132 1751 194 1798 non
216 1731 311 1798 solius
332 1733 490 1816 praecepti
513 1731 716 1809 ecclesiastici
738 1731 778 1797 ad
803 1729 1025 1796 abstinentiam
1047 1731 1105 1797 aut
1118 1729 1210 1814 plane
1221 1729 1375 1815 jejunium

22 1858 29 1874 ‘
132 1835 301 1919 praedictis
323 1837 432 1902 diebus
454 1837 519 1902 sivo
541 1837 608 1902 toto
631 1854 710 1902 anno
730 1836 807 1902 sive
829 1849 884 1920 per
905 1835 1041 1919 aliquam
1064 1834 1132 1919 ejus
1154 1837 1275 1918 partem
1298 1832 1376 1899 obli-

133 1941 261 2024 gantnn
284 1941 385 2008 Breve
405 1941 488 2007 enim
505 1939 716 2025 apostolicum
739 1940 937 2024 praeceptum
960 1940 1125 2005 dumtaxat
1146 1957 1308 2005 commuue
1323 1958 1376 2006 ec·

133 2043 342 2110 clesiasticnm
365 2043 520 2122 relaxare,
555 2043 684 2109 minime
705 2061 778 2108 vero
800 2042 986 2127 specialibus
1005 2041 1280 2110 constitutionibus
1302 2041 1376 2108 reli-

132 2145 289 2229 giosorum
313 2147 463 2216 Ordinem
487 2147 635 2232 derogare
657 2145 767 2214 uoluit.

240 2251 358 2318 Datum
379 2253 506 2334 Romae,
529 2251 579 2316 die
601 2253 652 2318 26.
677 2249 891 2335 Majo18705

551 2356 696 2422 Jamaee
717 2377 757 2422 m.
778 2375 812 2436 p.
845 2354 1113 2463 Arctiepiecopea
1139 2351 1374 2437 Stripcnieneie.
