3140 4934
231 229 293 297 124
339 247 447 320 omps.
467 243 556 302 onoc.
575 247 603 303 a.
622 247 650 301 a.
670 246 742 302 nso.
760 247 837 302 roeo
855 249 893 303 aa
911 253 1028 320 enarra
1045 261 1141 305 meos.
1160 263 1206 319 ῳ.
1223 247 1345 304 arnano.
1358 263 1479 304 moon.
1557 209 1558 264 ³

331 420 390 485 His
412 418 585 486 rationibus
607 417 695 484 dnoti
715 418 746 484 S.
771 419 807 487 V.
832 419 1008 486 humillime
1038 421 1166 506 rogant,
1208 422 1245 486 nt
1267 439 1322 505 pro
1343 440 1401 486 sua
1423 441 1478 487 sa-

229 523 347 608 pientia
367 525 399 588 ot
421 523 608 590 auetoritate
629 522 788 589 declarare
812 525 976 608 dignetur:

334 627 365 711 1)
389 647 428 693 an
457 627 648 693 sustineatur
678 625 798 693 diotum
828 628 983 694 statutum
1005 627 1267 695 Revormdissimi
1290 627 1476 714 Arohiopis-

229 730 296 814 oopi
319 729 458 817 delegati
480 729 666 814 apostolici?
710 729 753 796 nt
773 731 925 814 quatenus
948 731 1134 798 affirmativo

333 837 365 917 2)
389 853 428 900 on
462 833 547 900 diota
577 853 647 918 pars
676 835 813 918 capitulo
843 836 883 900 nd
913 835 1043 902 tondum
1070 855 1190 903 masone
1221 837 1402 921 capitularis
1425 838 1477 902 vet

230 938 363 1025 singulis
385 939 542 1004 ennoniois
564 923 775 1022 improprium
798 957 888 1004 usum
909 941 1094 1024 applicanda
1116 942 1182 1007 siti

334 1041 452 1124 Quodsi
474 1039 505 1108 S.
530 1041 566 1108 V.
591 1043 748 1108 declarare
771 1045 927 1114 censuerit
948 1045 1102 1110 statutum
1124 1061 1185 1110 non
1208 1045 1363 1123 sustineri,
1387 1044 1477 1110 illins

230 1146 398 1233 benignam
421 1146 684 1214 confirmationem
706 1147 883 1231 implorant
910 1149 959 1214 ret
982 1149 1009 1214 si
1031 1150 1175 1232 quartam
1199 1151 1318 1234 partem
1342 1168 1402 1214 non
1426 1145 1478 1213 dr-

230 1251 442 1334 spertiendum
465 1269 531 1318 esse
552 1251 685 1337 siugulis
708 1253 864 1319 canonisis
886 1252 1074 1334 declarabit,
1105 1253 1256 1318 submisse
1278 1251 1478 1318 animadver-

232 1355 304 1421 tunt
325 1374 379 1438 pro
401 1354 459 1421 hoo
482 1356 548 1421 rios
570 1355 790 1422 difficillimum
819 1358 886 1424 iore
911 1357 993 1424 hano
1021 1357 1208 1424 decisionem
1235 1357 1382 1423 mandare
1404 1377 1478 1422 axe-

230 1459 357 1526 outioni.
403 1459 485 1526 Nam
515 1458 644 1542 plurimi
677 1479 711 1525 en
737 1459 892 1526 canonisis
914 1463 1033 1545 partem
1055 1479 1144 1528 sunm
1166 1461 1246 1528 bona
1268 1461 1328 1528 tide
1350 1480 1480 1545 aooepe-

230 1564 314 1640 runt,
337 1581 353 1628 a
375 1563 487 1646 quibus
509 1582 588 1628 unus
617 1563 684 1650 jam
718 1568 859 1629 mortuus
891 1566 940 1630 ast
976 1565 1007 1631 et
1044 1565 1200 1652 egendum
1233 1565 1315 1631 esset
1353 1565 1393 1630 ad
1420 1584 1477 1630 re·

231 1665 439 1748 superandam
463 1665 625 1749 pecuniam
649 1685 719 1731 oum
734 1667 927 1735 haeredibus.
962 1668 1129 1736 Praeterea
1151 1687 1187 1736 ot
1208 1669 1368 1736 natatione
1383 1667 1476 1734 Sedis

231 1767 520 1853 archiepiscopalis,
540 1769 809 1838 administratione
824 1771 1068 1838 Arohidioaoesis
1090 1773 1123 1840 et
1137 1772 1280 1840 maximis
1302 1771 1476 1864 difflanlta-

231 1872 316 1938 tibus
338 1872 370 1938 in
392 1859 540 1938 electione
562 1875 632 1941 novi
653 1873 885 1959 Arehispisoopi
909 1875 1035 1954 habitis,
1057 1875 1183 1960 plurimi
1199 1876 1354 1944 eanoniois
1370 1875 1478 1941 aborti

231 1980 304 2040 sunt
324 1975 455 2053 labores,
476 1976 646 2056 molestiae,
670 1996 836 2062 expensae,
859 1997 914 2063 pro
936 1980 1048 2064 quibus
1070 1981 1146 2064 ipsis
1166 1980 1271 2065 eliqua
1293 1997 1477 2046 remunera·

231 2079 277 2146 tio
297 2079 401 2145 deberi
425 2080 555 2144 ridetur.
589 2079 672 2146 Hine
692 2080 823 2147 ulterius
846 2081 875 2148 S.
900 2083 937 2148 V.
962 2082 1135 2150 humillime
1156 2077 1334 2168 pre'oantur,
1357 2083 1398 2160 ut
1416 2102 1476 2166 pro
1557 2151 1558 2154 ,

231 2185 290 2250 hae
314 2183 379 2249 ries
401 2185 529 2266 quartae
559 2185 657 2267 partia
685 2185 840 2252 redituum
863 2205 986 2253 mensae
1009 2187 1289 2274 Archiopiseopalis
1316 2206 1370 2272 pro
1394 2189 1477 2253 tem·
1557 2235 1558 2238 ,

232 2307 305 2373 pore
328 2287 496 2354 vacationis
525 2287 657 2373 singulis
688 2289 842 2356 canonicis
870 2291 1085 2358 distribuenda
1107 2293 1362 2362 condonationem
1386 2291 1477 2358 beni·

232 2390 380 2478 guissimo
402 2393 566 2458 consedere
589 2392 744 2478 dignetur.
791 2392 891 2475 Quare
914 2396 972 2462 oto.

336 2494 400 2562 Die
422 2501 452 2564 3.
476 2493 658 2563 Decembris
687 2503 783 2564 1866.
807 2535 848 2546 -
879 2497 1002 2567 SSmns.
1037 2500 1187 2567 Dominus
1218 2501 1333 2566 Noster
1365 2500 1479 2564 andita

234 2599 382 2668 relatione
405 2599 602 2686 transcripta
624 2599 867 2668 Pro-Socratarfi
889 2601 1001 2670 Sauras
1022 2603 1276 2689 eongrogntionis
1289 2604 1421 2670 Consilii
1445 2606 1478 2670 et

234 2703 466 2787 Aratispisoopi
488 2703 688 2782 coloniensis,
711 2703 844 2790 benigno
865 2705 1021 2772 oammisit
1043 2705 1143 2772 eidam
1157 2707 1405 2791 nrohiopisoopo,
1427 2709 1477 2782 ut,
1557 2763 1558 2776 ,

232 2809 313 2874 veris
336 2807 538 2874 existentitus
560 2809 695 2874 narratis
716 2810 749 2874 st
764 2809 889 2892 praevia
903 2809 1065 2876 sanatione
1087 2811 1120 2876 et
1134 2811 1355 2877 condonatione
1370 2811 1476 2895 quoad

233 2929 371 2978 summas
400 2911 560 2995 hueusque
585 2913 762 2996 perceptas,
797 2913 994 2981 enuntiatam
1017 2911 1219 2980 statutnriam
1232 2913 1476 2999 dispositionem
1557 2901 1558 2916 ³

233 3031 288 3099 pro
321 3032 377 3082 sno
408 3015 537 3081 arbitrio
570 3017 603 3081 et
633 3015 822 3082 oonsoiontia
850 3016 951 3101 gratis
981 3017 1162 3084 oondrmere
1183 3019 1282 3101 possit
1310 3020 1343 3084 ot
1370 3018 1477 3084 valeat

231 3119 322 3204 juxta
342 3119 486 3198 modum,
514 3119 662 3186 nimirum
683 3120 719 3186 nt
741 3121 853 3204 quarta
873 3139 945 3204 pars
966 3119 1124 3186 redituum
1146 3121 1272 3188 Mensae
1294 3121 1477 3206 Arohiepis-
1557 3115 1558 3206 Τ

233 3222 350 3307 oopalis
372 3223 442 3306 pom
464 3223 634 3308 nonaginta
655 3222 723 3290 dies
745 3224 784 3290 da
806 3225 943 3308 temporo
964 3223 1130 3290 viduitatis
1151 3225 1244 3304 sadis,
1268 3245 1326 3291 non
1341 3225 1478 3310 singulis
1557 3211 1558 3224 ³

234 3328 411 3407 onnoniois,
443 3326 497 3392 sed
526 3327 623 3394 itudo
644 3327 770 3394 Mensae
792 3327 981 3412 Oepitularis
1011 3328 1119 3394 eadere
1142 3329 1277 3409 debeat,
1312 3331 1479 3396 contrariis

234 3433 465 3516 quibusonnqne
487 3433 615 3498 minitas
637 3431 842 3513 obstantibus,
866 3433 899 3498 st
920 3451 1065 3516 praesens
1088 3433 1283 3518 Rasoriptnm
1306 3435 1375 3519 ipso
1396 3433 1479 3500 San-

235 3536 329 3602 otitas
350 3554 406 3600 sne
430 3535 594 3622 suffragari
617 3534 726 3615 voluit,
748 3535 875 3620 perinde
897 3555 933 3602 no
951 3536 979 3602 si
993 3532 1104 3603 titensa
1118 3537 1315 3621 Apostoiioae
1328 3541 1361 3604 in
1376 3539 1481 3605 forma

235 3641 344 3707 oreon
366 3641 496 3723 ossnpor
518 3641 679 3726 expeditos
700 3642 839 3708 nissam
1557 3629 1558 3666 i

359 3775 362 3780 ,
795 3743 826 3810 S.
850 3745 940 3812 Cend.
964 3743 1107 3813 causor
1129 3744 1229 3813 Praei.

564 3847 677 3915 Poros
698 3849 955 3934 Arohiepisoopus
977 3849 1179 3918 Sardioensis.
1225 3850 1436 3920 Pro-Seorot.
