3202 4934
218 189 398 248 Auruncus
417 189 478 259 nus
492 191 593 260 cinips
611 189 790 261 economus
810 189 936 263 Frupen
954 193 1006 248 des
1025 191 1238 262 anaspum.
1331 175 1358 244 5:

110 363 251 449 ejusdem
274 362 414 444 monetae
434 359 521 428 Boni.
567 361 683 444 Quodsi
706 361 786 430 bona
808 362 944 430 habeant
966 363 1006 430 nd
1028 362 1236 447 quantitatem
1257 383 1353 452 usqua

111 470 152 536 ud
176 469 369 536 scutatorum
400 465 448 532 uel
479 465 650 549 respective
671 465 852 534 ducatorum
875 466 962 534 mille
985 468 1054 536 anri
1076 467 1114 536 de
1136 486 1272 547 munera,
1305 467 1353 534 di·

111 574 268 660 spensatio
291 570 490 638 nihilominus
521 569 553 634 in
584 569 684 636 forma
712 587 881 654 pauperum
904 570 1099 650 conceditur,
1124 572 1226 640 soluta
1249 574 1353 650 minen

111 680 314 764 eleemosyna,
338 693 418 758 ques
439 672 534 757 vulgo
556 673 805 756 „componsrrda“
829 675 1041 760 nuncupatur,
1064 675 1255 742 mutatorum
1278 691 1354 760 qua*

112 787 184 851 tner
214 801 268 867 pro
295 777 432 864 quolibet
459 775 634 844 centenario
664 776 696 842 in
728 778 902 844 subsidium
928 797 1097 864 pauperum
1127 777 1282 864 eroganda
1305 778 1354 844 vel

110 888 188 973 ipsis
210 881 433 968 Dispensnndis
455 881 665 966 eleemosynae
688 881 781 948 titulo
802 883 1005 961 remittenda,
1029 883 1056 949 si
1078 881 1281 950 nihilominus
1302 901 1353 948 eo·

113 1012 183 1058 rum
206 989 381 1061 conditione
403 985 543 1067 inspecta
564 1003 712 1068 pauperes
736 1005 801 1052 esse
824 986 993 1053 uideantur.

219 1096 264 1160 dx
286 1094 352 1172 his,
385 1109 463 1175 quae
485 1091 570 1158 certa
591 1091 680 1168 sunt,
716 1089 796 1154 siem
819 1107 854 1156 ex
876 1089 1016 1173 plurilus
1038 1089 1068 1158 S.
1093 1090 1354 1160 Poenitentinriee

115 1198 271 1282 responsis
293 1196 420 1272 eruitur,
441 1195 547 1278 patet,
571 1193 697 1276 quinam
721 1211 869 1277 pauperes
891 1195 924 1260 et
945 1194 1135 1262 miserabiles
1158 1194 1354 1264 existimandi

115 1305 191 1386 siut,
214 1303 347 1387 quidque
369 1298 543 1366 iaciendum
566 1296 748 1374 Ordiusriis,
772 1297 893 1380 quaudo
915 1298 1021 1383 agitur
1038 1297 1075 1364 de
1096 1299 1280 1380 oratoribus,
1301 1300 1355 1384 qui

115 1409 221 1493 aliqua
254 1406 333 1472 bona
366 1403 551 1488 possideant.
596 1401 709 1468 Omnia
735 1402 854 1468 scilicet
884 1403 1061 1488 exponenda
1090 1403 1163 1470 sunt
1191 1402 1224 1468 in
1246 1403 1356 1482 literis,

112 1512 247 1580 umorem
271 1506 548 1593 approximatismn
571 1507 730 1584 bonorum,
752 1525 830 1590 quae
854 1506 1019 1589 possident,
1043 1525 1095 1574 aes
1117 1505 1271 1586 cinnum,
1294 1523 1355 1590 qno

115 1617 196 1682 forts
219 1611 342 1700 grauati
364 1611 437 1688 sint,
458 1628 514 1676 nec
536 1627 596 1676 non
617 1627 773 1692 personas,
796 1611 878 1676 inter
901 1629 978 1695 quas
1000 1609 1107 1678 eadem
1130 1609 1212 1678 bona
1227 1609 1293 1676 sint
1308 1608 1374 1697 ‹li-V

115 1719 247 1785 ridenda
269 1719 327 1783 etc.
360 1735 437 1801 quae
469 1713 575 1781 omnia
596 1714 803 1798 computenda
825 1718 915 1794 sunt,
948 1718 983 1781 ut
1001 1717 1085 1784 recte
1103 1714 1238 1801 judicari
1260 1713 1357 1798 possit

115 1825 154 1890 de
177 1825 262 1889 statu
284 1823 317 1888 et
340 1818 514 1887 conditione
542 1825 751 1902 pomonamm.
797 1818 911 1901 Quodsi
934 1819 1075 1909 omnibus
1097 1815 1354 1904 inspeetisordi-

114 1928 223 1994 narius
242 1925 386 2003 censeat,
420 1925 577 2000 oratores,
610 1922 685 1990 licet
707 1923 811 2008 alique
831 1925 912 1990 bona
933 1925 1130 2008 possideant,
1163 1942 1230 1989 esse
1251 1925 1356 1990 tamen

116 2031 265 2117 graribus
287 2027 434 2112 impensis
457 2025 611 2094 soluendis
632 2026 775 2110 impares,
799 2029 830 2095 et
852 2028 901 2096 uti
922 2047 1070 2112 pauperes
1085 2025 1265 2094 tractandos
1278 2045 1360 2104 esse,

116 2136 254 2222 oportet,
284 2134 319 2198 ut
341 2132 387 2200 sic
407 2133 439 2196 iu
461 2131 525 2198 suis
546 2129 647 2196 literis
670 2130 806 2198 declaret
827 2133 962 2208 taxando
984 2132 1079 2198 etiam
1102 2131 1248 2216 pecumae
1270 2147 1356 2196 sum-

116 2259 217 2319 manr,
248 2255 341 2321 quam
364 2253 419 2302 sno
437 2235 556 2319 judicio
578 2235 695 2302 soluere
716 2237 852 2320 possunt
899 2237 940 2304 st
973 2236 1000 2302 si
1034 2235 1212 2324 hujusmodi
1234 2251 1355 2302 munna

116 2362 178 2410 non
200 2342 244 2407 eit
264 2340 419 2408 sufficiens
441 2359 496 2423 pro
525 2339 722 2424 impetranda
747 2343 780 2406 et
807 2339 994 2424 expedienda
1016 2339 1252 2424 Dispensatione
1274 2336 1356 2422 apud
1446 2365 1448 2368 ·

117 2445 329 2532 apostolicam
351 2443 524 2532 Dauniam,
548 2442 729 2532 Ordinarins
752 2445 867 2526 peterit
888 2445 1053 2529 coningere
1075 2443 1116 2510 ad
1137 2441 1169 2510 S.
1191 2441 1357 2510 Posuiten·

118 2552 259 2626 tiarism,
281 2567 361 2632 quae
379 2547 501 2632 jamdiu
528 2545 565 2612 de
587 2547 733 2614 mandato
755 2546 808 2616 SS.
831 2545 1019 2612 Pontificum
1040 2545 1182 2630 expedire
1204 2545 1284 2611 solet
1304 2563 1357 2612 ens

117 2652 383 2740 dispensationes,
417 2667 494 2734 quas
516 2649 662 2716 Oratores
689 2649 830 2731 expedire
853 2653 1010 2733 nequeunt
1030 2649 1063 2716 in
1085 2647 1193 2718 eadem
1216 2647 1355 2716 Dataria

119 2759 214 2828 eccm
236 2759 340 2824 cutem
363 2752 607 2822 Paenitentiaria
634 2748 711 2819 solet
735 2771 886 2838 apponere
916 2773 1026 2838 parvas
1049 2755 1136 2821 taxas
1158 2755 1191 2820 et
1212 2771 1265 2824 sas
1287 2753 1356 2820 tnn-

119 2867 204 2942 tnm‚
237 2879 315 2945 quae
337 2859 377 2925 alr
400 2856 571 2924 Ordiuariis
592 2857 820 2940 proponuntur,
858 2859 891 2924 et
920 2857 1016 2926 etiam
1044 2857 1161 2926 nnllam
1186 2859 1303 2934 mnam,
1329 2854 1357 2922 si

120 2966 202 3032 idem
225 2961 408 3031 ordinarius
429 2961 565 3028 declaret
587 2963 723 3028 oratores
744 2961 891 3029 soluendo
912 2960 1035 3032 omnino
1057 2981 1125 3030 esse
1146 2962 1291 3048 impares.

224 3067 388 3134 (laetarum
410 3083 523 3132 novum
545 3084 606 3131 non
628 3067 686 3144 est,
707 3067 743 3132 ut
764 3067 860 3132 etiam
881 3066 928 3132 illi
950 3067 1004 3151 qui
1026 3066 1202 3151 praesideant
1221 3065 1356 3132 valorem

118 3173 219 3242 multo
241 3171 387 3256 majorem
410 3187 455 3248 eo,
477 3187 567 3253 quem
591 3188 684 3253 supra
706 3170 821 3247 notesi,
844 3173 993 3255 tauquam
1012 3189 1161 3255 pauperos
1176 3187 1358 3236 conmen-

119 3279 202 3344 tibus
224 3273 431 3360 peculiaribus
454 3272 696 3340 circumstantiis
723 3276 755 3340 et
777 3274 959 3359 rogantibus
982 3273 1155 3342 Ordinariis
1176 3271 1358 3338 habeantur.

121 3419 159 3432 -
183 3381 300 3447 Verum
322 3377 381 3444 hae
402 3376 433 3442 in
457 3393 491 3440 rc
513 3375 649 3442 maxima
671 3376 944 3460 circumspectione
971 3374 1196 3460 procedendum
1217 3377 1296 3452 as,
1321 3393 1360 3441 us

119 3486 285 3553 inducatur
314 3481 410 3548 nimiu
438 3481 674 3550 comannorum
705 3479 968 3565 dispensationum
997 3479 1133 3548 facilitas
1162 3481 1195 3546 et
1214 3479 1261 3548 sic
1280 3480 1360 3546 rela-

121 3592 231 3658 xentur
253 3587 410 3656 Ecclesiae
431 3587 516 3673 leges

226 3693 372 3776 welto
396 3690 421 3757 I
422 3691 456 3756 V.
501 3691 622 3756 Modus
652 3683 882 3773 ucra'fioutmms.
934 3690 989 3760 Aa
1010 3689 1153 3771 natitant
1167 3687 1361 3771 praecedam

122 3797 321 3877 enitendo?
361 3797 415 3862 Aa
440 3816 501 3877 per
529 3799 620 3862 testes
638 3796 769 3877 juretus
787 3795 862 3876 sas
882 3793 1017 3862 decem
1056 3792 1111 3860 Ac
1132 3793 1273 3874 adficiet
1295 3810 1361 3856 oro·

123 3899 206 3967 ralis
227 3898 405 3966 meditante?
425 3905 453 3966 et
473 3897 737 3980 insumaticper
759 3897 898 3964 tumim
917 3897 980 3980 pide
1001 3895 1153 3981 dipem?-
1291 3911 1295 3970 j

226 3999 282 4068 u:
304 3999 447 4086 cognitio
474 4019 584 4068 causae
612 3999 645 4066 iu
667 3999 853 4085 apostolicis
875 3999 991 4066 Literrs
1014 3998 1286 4084 Dispensationem
1316 3996 1363 4062 in·

121 4107 230 4191 juncta
252 4103 329 4173 adeo
350 4106 522 4172 necessaria
544 4106 591 4172 est
611 4105 686 4171 ante
711 4107 850 4191 ipsarum
872 4105 1102 4183 executionem,
1138 4103 1175 4168 ut
1197 4101 1224 4167 si
1247 4117 1281 4168 en
1304 4119 1365 4168 non

124 4209 391 4295 praemitteretur,
421 4209 560 4277 executio
589 4211 672 4278 esset
703 4209 799 4276 nulle.
843 4209 905 4276 Pro
927 4227 964 4276 ea
986 4210 1092 4276 cutem
1115 4207 1289 4294 cognitione
1313 4206 1363 4272 ia·

126 4314 233 4382 cienda
253 4313 342 4380 nulia
372 4315 420 4379 est
449 4313 639 4399 praescripta
661 4314 761 4380 torma
789 4314 821 4379 et
844 4312 986 4380 executor
1008 4312 1110 4396 potest
1132 4310 1295 4396 procedere
1314 4311 1365 4393 ju·

126 4418 278 4486 dicialiter
300 4417 356 4484 aut
379 4416 666 4502 extrajudicinliter,
690 4417 754 4485 siue
776 4435 831 4502 per
853 4417 949 4484 testes
971 4416 1036 4482 siue
1058 4435 1112 4501 per
1134 4415 1367 4484 informationes

128 4539 204 4605 qnae
224 4523 331 4590 temen
354 4521 467 4588 debent
490 4540 558 4588 esse
579 4521 748 4607 ejusmodi,
770 4523 806 4588 ut
827 4521 893 4607 ipse
915 4521 1058 4592 accur
1079 4519 1181 4610 quoad
1205 4515 1367 4588 sonuum
