3186 4942
208 271 370 357 LXXXVI
513 289 674 350 Schemate
693 291 815 348 canalii.
835 283 935 362 dogm.
956 284 993 346 de
1010 281 1151 346 Ecclcm'o
1171 281 1293 346 Christi.

314 467 392 552 Ocp.
414 465 477 535 IV.
496 464 679 534 Ecclesiam
701 481 767 532 cccc
788 466 966 532 societatem
987 461 1141 532 visibilem
1163 461 1247 548 (pag.
1272 462 1315 548 8.)

313 571 392 654 Gap.
419 570 453 637 V.
477 569 527 636 De
548 568 670 636 visibili
692 567 854 636 Ecclesiae
875 570 994 634 unitate
1017 569 1100 652 (pag.
1126 567 1190 654 10.)

314 675 393 758 Gap.
422 673 478 742 VI.
503 673 680 740 Ecclesiam
702 692 769 740 esec
790 674 964 740 societatem
987 672 1031 738 ccl
1052 671 1185 740 sulutem
1207 670 1453 754 consequmdom

209 779 336 847 omnim
358 777 569 844 necessarium
592 775 676 862 (pag.
704 776 767 862 11.)
1576 825 1577 870 3

313 881 392 966 Cep.
421 881 499 948 VII.
522 881 629 948 Ecetra
660 879 842 947 Ecclesiam
875 879 999 948 solcorl
1032 880 1185 946 alacriorem
1215 898 1316 962 posce.
1367 875 1455 962 (ugr.

209 1007 262 1055 zur
284 985 495 1072 urrauremng
516 983 632 1052 Archiv
655 983 773 1064 XXIII,
795 984 884 1066 476.)

310 1091 406 1157 Porro
430 1088 637 1175 dogmatici
660 1089 718 1168 est,
741 1088 831 1154 entra
854 1087 1028 1154 Ecclesiam
1050 1087 1164 1154 salvari
1186 1085 1341 1152 neminem
1353 1103 1451 1170 posse.

209 1195 317 1280 Neque
325 1195 432 1261 tamen
443 1195 496 1279 qui
508 1194 589 1260 circa
601 1192 760 1261 Christum
767 1193 898 1282 ejusque}
906 1193 1077 1261 Ecclesiam
1092 1192 1264 1261 invincibili
1277 1191 1455 1279 ignorantia

205 1298 358 1377 laborant,
381 1299 505 1384 propter
527 1299 607 1363 hano
637 1298 845 1384 ignorantiam
868 1300 973 1384 poenis
999 1297 1134 1366 aeternis
1164 1297 1332 1364 damnandi
1363 1298 1451 1378 sunt,

209 1423 279 1470 oum
302 1403 389 1470 nulla
411 1402 646 1488 obstringantur
666 1401 797 1486 hujusce
819 1401 864 1468 rei
886 1403 978 1487 culpa
1000 1404 1071 1470 ante
1093 1403 1194 1468 oculos
1214 1401 1282 1483 Dei,
1302 1401 1355 1486 qui
1385 1401 1454 1467 nult

214 1527 319 1576 omnes
342 1507 481 1574 homines
502 1506 604 1573 salvos
625 1507 693 1572 lieri
717 1507 749 1573 et
772 1506 812 1572 ad
836 1505 1028 1592 agnitionem
1050 1505 1192 1572 ueritatis
1205 1505 1318 1585 uentre,
1341 1505 1454 1592 quique

214 1610 342 1679 facienti
372 1611 454 1696 quod
482 1610 514 1676 in
544 1629 578 1681 se
604 1611 652 1676 est
681 1627 742 1675 non
765 1609 898 1696 denegat
920 1611 1064 1695 gratiam,
1090 1610 1126 1675 ut
1143 1608 1399 1693 justificationem
1422 1611 1456 1675 et

214 1715 313 1782 uitam
333 1719 490 1781 aeternam
514 1714 658 1800 consequi
680 1713 794 1798 possit:
818 1713 872 1780 sed
894 1714 975 1780 hanc
997 1713 1103 1779 nullus
1126 1713 1330 1798 consequitur,
1360 1711 1414 1797 qui
1436 1731 1456 1780 a

215 1819 287 1885 fidei
311 1819 437 1886 unitate·
454 1812 503 1886 rel
525 1819 564 1884 ab
586 1819 743 1884 Ecclesiae
766 1821 979 1885 communione
1008 1817 1206 1904 culpabiliter
1235 1817 1392 1904 sejunctus
1420 1837 1457 1884 ex

214 1923 274 1990 hac
297 1923 364 1989 vita
386 1923 518 1990 decedit.
564 1921 597 1990 Si
619 1923 689 2007 quis
710 1923 743 1988 in
765 1922 824 1989 hac
848 1941 920 1989 arca
942 1941 1001 1989 non
1025 1923 1129 2003 fuerit,
1163 1921 1277 2006 peribit
1304 1922 1457 2007 regnante

215 2027 341 2094 diluuio.
386 2027 488 2110 Quare
521 2029 719 2114 reprobamus
755 2027 787 2092 et
821 2025 1012 2093 detestamur
1045 2027 1173 2110 impiam
1211 2045 1307 2111 aeque
1337 2045 1374 2092 ec
1397 2025 1456 2112 ipsi

215 2131 329 2198 rationi
351 2135 573 2218 repugnantem
598 2131 635 2196 de
657 2131 843 2218 religionum
867 2131 1075 2197 indifferentia
1105 2129 1372 2214 doctrinamque
1399 2129 1454 2196 filii

214 2237 308 2322 hujus
331 2237 456 2317 saeculi,
489 2236 632 2302 uerItatis
655 2237 687 2302 ct
720 2235 830 2302 erroris
860 2235 983 2302 sublato
1006 2233 1192 2318 dlecrimine,
1216 2233 1324 2300 dicunt
1347 2283 1355 2300 .
1376 2284 1386 2300 .
1411 2287 1417 2300 .
1440 2284 1447 2299 .

215 2341 338 2406 Pariter
360 2340 558 2424 reprobamus
581 2339 774 2422 impietatem
796 2339 922 2406 illorum
935 2339 988 2422 qui
1012 2389 1021 2405 .
1044 2389 1051 2406 .
1076 2386 1084 2405 .
1108 2337 1451 2405 affirmantindecomm

215 2445 263 2512 uel
287 2445 326 2510 ad
359 2443 492 2509 salutem
527 2439 655 2508 mihime
688 2441 898 2508 necessarium
922 2460 998 2521 esse,
1022 2440 1160 2507 deserere
1183 2440 1374 2526 religionem,
1397 2441 1455 2508 etsi

214 2551 335 2627 falsam,
358 2551 390 2615 in
414 2567 474 2634 qna
497 2549 566 2634 quis
588 2549 682 2615 natus
705 2549 753 2615 nel
774 2546 927 2616 educatus
953 2567 990 2614 ac
1019 2549 1183 2614 Insntutus
1212 2551 1282 2626 est3
1311 2566 1368 2614 nec
1397 2563 1456 2612 non

217 2653 389 2720 Ecclesiam
422 2651 531 2736 ipsam,
555 2671 633 2736 quaa
667 2671 699 2720 se
730 2652 914 2738 religionem
948 2671 1014 2719 esse
1044 2653 1134 2718 untce
1157 2671 1261 2718 ueram
1284 2651 1455 2738 profitetur,

215 2775 321 2824 omnes
344 2757 447 2822 autem
471 2755 693 2840 religioneset
715 2758 816 2824 sectas
839 2775 858 2824 a
880 2771 936 2822 ena
957 2755 1172 2824 communione
1194 2757 1355 2842 separatas
1387 2773 1457 2838 pro·

219 2859 327 2926 scribit
345 2861 383 2924 et
405 2858 542 2939 damnat,
566 2860 780 2941 criminantur,
792 2861 918 2944 perinde
941 2881 977 2930 ao
1000 2863 1028 2928 si
1049 2861 1262 2946 ullaunquam
1275 2858 1457 2942 esseposset

215 2961 415 3048 participatio
435 2962 579 3046 justitiae
602 2982 672 3030 cum
695 2964 862 3048 Iniquitate
884 2965 940 3031 aut
962 2965 1095 3032 societas
1128 2965 1208 3030 lucis
1241 2964 1280 3030 arl
1314 2961 1457 3028 tenebras

212 3067 247 3132 et
267 3065 427 3131 conventio
450 3064 569 3130 Christi
591 3065 630 3132 acl
651 3065 760 3132 belial.

319 3168 396 3252 Gap.
425 3168 523 3236 VIII.
546 3167 597 3235 De
618 3169 783 3237 Ecclesiae
803 3169 1072 3252 loalcfcclilile'lole
1094 3172 1177 3258 (pag.
1204 3171 1268 3254 13.)

320 3273 398 3358 Gap.
420 3273 487 3340 IX.
510 3273 561 3340 De
583 3273 747 3342 Ecclesiae
769 3275 998 3358 laefcllibllitote
1021 3276 1105 3362 (pag.
1131 3277 1282 3360 14-16.)

318 3414 363 3428 --
386 3414 426 3426 -
449 3377 613 3461 Objectum
637 3377 735 3462 igitur
757 3376 992 3444 infallibilitatis
1015 3381 1139 3446 tautum
1162 3381 1269 3463 patero
1301 3378 1457 3456 docemus,

216 3483 368 3568 quantum
390 3479 464 3548 fidei
484 3482 573 3565 patet
595 3480 781 3564 depositum,
805 3481 925 3566 atejus
947 3482 1141 3549 custodiendi
1160 3482 1459 3566 officiumpostulat3

217 3586 354 3670 adeoque
374 3584 623 3670 praerogativam
646 3583 860 3664 infallibilitIs,
883 3605 945 3669 qua
969 3585 1086 3654 Christi
1109 3586 1248 3653 Ecclesia
1260 3585 1369 3670 pollet,
1392 3605 1461 3650 am-

217 3689 286 3756 bitu
299 3707 355 3754 suo
367 3688 528 3774 complecti
548 3689 616 3754 tum
628 3688 807 3755 uniuersum
817 3688 876 3754 Dei
892 3689 1019 3756 uerbum
1041 3689 1226 3769 revelatum,
1245 3688 1359 3756 tamid
1374 3707 1463 3756 omne

218 3793 299 3877 quod
321 3793 395 3860 licot
417 3795 452 3858 ia
472 3813 506 3859 ee
527 3792 697 3860 revelatum
718 3815 781 3860 non
803 3793 846 3859 sil
869 3843 876 3858 .
901 3843 909 3860 .
933 3844 942 3859 .
967 3843 974 3858 .
998 3792 1065 3860 sine
1094 3813 1153 3878 quo
1181 3791 1261 3861 illul
1292 3795 1361 3862 tuto
1390 3811 1463 3858 con·

220 3897 355 3977 serrari,
388 3897 472 3962 certo
513 3914 550 3961 ao
585 3896 743 3963 definitive
781 3897 820 3964 ad
864 3897 1050 3964 credendum
1085 3899 1211 3982 proponi
1245 3899 1278 3970 et
1317 3895 1465 3982 explicari

221 4001 277 4066 aut
321 4001 428 4067 contm
473 4007 589 4066 errores
631 3999 793 4066 hominum
837 4019 873 4067 ac
905 3999 976 4068 falsi
1013 3999 1146 4068 nomime
1182 3999 1330 4070 scientiae
1373 4017 1465 4086 oppo-

220 4103 347 4170 sitIonas
382 4103 481 4170 aalide
514 4103 609 4170 asseri
643 4105 825 4191 delendique
859 4125 919 4170 non
952 4105 1083 4189 possit'
1117 4105 1202 4172 Haec
1234 4107 1340 4174 autem
1369 4103 1463 4170 inlal-

182 4268 189 4279 ,
220 4205 352 4273 libIlitas
376 4258 383 4275 .
408 4257 415 4273 .
441 4259 449 4276 .
473 4258 481 4274 .
504 4207 685 4295 magisterio
707 4209 799 4291 inest,
823 4208 905 4295 quod
928 4207 1071 4275 Christus
1094 4208 1125 4274 in
1148 4209 1288 4276 Ecclesia
1315 4225 1465 4292 suaper-

221 4313 351 4397 pctuum
373 4311 520 4394 instituit,
553 4332 624 4380 cum
652 4313 693 4380 ad
722 4313 887 4398 Apostolos
910 4312 1004 4378 dixti:
1031 4312 1150 4380 Euutes
1179 4333 1253 4400 ergo
1275 4312 1383 4380 docete
1404 4312 1466 4378 otc.

222 4417 255 4482 ct
274 4433 344 4482 ecce
368 4434 425 4500 ego
454 4417 611 4484 uobiscum
640 4437 710 4484 sum
738 4419 796 4484 etc.
842 4417 883 4482 Et
915 4414 1027 4482 iisdem
1049 4416 1193 4501 promisit
1214 4413 1467 4486 chrhtueueri-

225 4519 301 4586 tatis
323 4539 398 4586 suae
421 4517 583 4605 Spiritum,
605 4521 660 4604 qui
682 4523 822 4588 maneret
842 4523 903 4586 etc.

328 4622 407 4705 cap.
435 4623 477 4690 X.
505 4621 556 4689 Dc
578 4623 741 4692 Ecclesiam
754 4629 906 4710 praecoce
928 4623 1011 4712 (pag.
1038 4625 1102 4710 ll.)
