3066 4920
553 649 611 734 27.
640 649 857 756 [nnmerunp
886 654 950 738 der
975 587 1232 751 lolinaclrten,

264 807 377 876 weron
398 807 455 875 uer
475 784 590 894 tatae
609 809 701 876 sau
722 810 768 876 em
790 811 894 880 unare
915 817 1003 880 roeo
1025 812 1085 878 aa
1111 809 1398 878 amoenans
1420 811 1468 874 nn

264 911 423 996 ttamen
443 913 511 979 unc
532 911 704 997 Biscbdfen
725 936 785 980 aur
808 915 1010 1002 Gewddrmrap
1039 916 1096 982 der
1117 913 1339 994 mantano,
1361 913 1468 980 Kairle

419 1021 511 1100 patrer
531 1037 573 1084 eu
594 1024 782 1089 deomena
803 1019 878 1086 oder
899 1041 942 1088 ac
963 1020 1109 1100 tobalea,
1129 1017 1270 1086 eribee'lt
1292 1017 1354 1084 tut

531 1153 594 1215 (au
620 1155 677 1204 uem
701 1157 801 1208 wreno
825 1156 1168 1208 nominaremur.
1197 1157 1252 1218 rc.)

483 1267 564 1336 Pius
584 1269 649 1336 ΡΡ.
672 1269 739 1338 IX.
782 1271 839 1338 Ad
857 1273 1002 1354 [cauom
1023 1272 1072 1338 rei
1092 1270 1303 1338 menmium.

370 1371 557 1455 Apostolicis
589 1373 714 1441 Nostris
747 1374 797 1442 die
829 1375 887 1442 llI.
918 1375 1033 1441 mensis
1056 1374 1178 1458 Aprilis
1204 1374 1299 1439 Anno
1320 1367 1461 1436 brunuli

268 1475 325 1541 sub
348 1475 473 1541 Annulo
494 1475 664 1543 Piscatoris
685 1477 767 1544 datis
790 1477 918 1545 Litteris
948 1478 1096 1563 majorem
1128 1495 1211 1562 prae
1241 1473 1339 1542 oculis
1365 1472 1460 1538 tabente

264 1578 422 1646 Ecclesiae
452 1580 641 1661 utilitatem,
671 1582 704 1648 et
733 1601 793 1666 quo
819 1582 943 1649 facilius
973 1583 1007 1648 in
1029 1581 1201 1647 Austriaco
1226 1577 1358 1663 Imperio
1375 1577 1458 1640 intem

268 1683 355 1749 deret
377 1682 508 1751 Sanciae
530 1684 726 1769 spostolicae
749 1685 837 1754 Sedis
859 1687 893 1752 in
915 1685 1071 1752 nonnullis
1101 1685 1238 1752 casibus
1268 1680 1412 1749 autumn
1429 1695 1468 1758 pn,

266 1787 417 1854 Nostrum
456 1791 489 1856 et
527 1789 665 1874 ejusdem
706 1789 839 1858 Sanctae
872 1789 961 1857 Sedis
993 1791 1149 1856 Nuntium
1188 1805 1288 1874 penes
1321 1781 1468 1867 Inperirleu¹

266 1891 372 1957 aulam
395 1893 661 1961 vindobonensem
683 1914 738 1979 pro
759 1897 899 1980 tempore
921 1895 1118 1972 existentem,
1141 1893 1197 1960 rel
1230 1891 1300 1977 ejus
1327 1885 1468 1972 acredo

266 1994 333 2061 vice
353 1995 393 2061 ad
416 1999 534 2062 certum
555 1997 703 2082 temporis
724 2000 860 2084 spatium
881 1999 1071 2064 necessarias
1093 1997 1176 2082 quod
1203 1995 1246 2062 ad
1261 1985 1468 2080 bononnenls

268 2098 463 2166 siasticorum
498 2099 699 2168 alienationes
737 2102 975 2187 eorumdemque
1007 2101 1178 2168 locationes
1226 2100 1260 2166 et
1301 2089 1446 2162 conductus

275 2203 374 2270 sacris
412 2203 576 2270 memorati
617 2205 743 2289 Imperii
777 2205 982 2272 antistitibus
1014 2204 1231 2271 concedendas
1266 2193 1443 2268 existimarint
1467 2225 1468 2288 p

271 2308 345 2385 Jam
368 2325 441 2374 vero
463 2309 570 2374 exacto
593 2308 722 2393 hujusce
744 2309 947 2376 concessionis
968 2308 1131 2394 praefinito
1154 2307 1280 2393 spatio,
1313 2289 1437 2368 neuuilit·

267 2412 332 2478 lius
354 2411 481 2495 Imperii
502 2429 661 2479 sacrorum
682 2411 863 2494 Antistites,
886 2412 979 2478 utin
1001 2411 1087 2478 aliud
1109 2413 1239 2496 tempus
1271 2405 1376 2475 easdem
1391 2391 1443 2461 till·
1467 2419 1468 2460 u

269 2517 352 2582 lates
374 2517 510 2601 prolerre
532 2515 581 2583 vel
604 2516 702 2584 denuo
724 2518 890 2584 concedere
912 2517 1127 2603 dignaremur,
1149 2515 1262 2581 enixae
1284 2507 1368 2578 Nobis
1386 2499 1444 2564 utut

269 2623 381 2690 uerunt
402 2639 518 2706 preces.
563 2621 628 2688 Nos
648 2620 749 2707 igitur
770 2621 948 2707 hujusmodi
970 2621 1112 2706 precibus
1134 2619 1310 2687 annuentes
1319 2602 1417 2694 Aponi
1444 2643 1446 2648 .

269 2725 358 2792 Sedis
380 2725 506 2804 Nuntio,
531 2725 585 2810 qui
607 2725 688 2809 apud
710 2724 827 2792 Aulam
849 2725 1045 2811 Inperialem
1066 2722 1333 2790 vindobonensem
1351 2727 1390 2796 nrt
1403 2707 1468 2816 W

276 2849 351 2918 porc
372 2829 496 2911 existat,
518 2830 569 2896 rel
591 2829 628 2911 ei,
652 2829 705 2913 qui
727 2829 840 2896 Nuntii
862 2830 959 2915 ipsius
980 2830 1063 2896 uices
1085 2846 1140 2912 pro
1163 2829 1305 2910 tempore
1321 2813 1396 2904 gent
1417 2817 1447 2868 nu

270 2953 331 3001 non
363 2933 621 3017 Archiepiscopis,
654 2933 813 3017 ldpiscopis
848 2933 881 2999 et
914 2931 1114 3000 Praesulibus
1148 2929 1288 3008 Nullius,
1319 2923 1349 2986 nt
1374 2907 1448 3020 redut

270 3037 444 3118 Dioecesis,
467 3037 521 3123 qui
543 3039 576 3103 in
598 3038 760 3116 universa,
782 3057 876 3123 quam
898 3039 963 3105 late
986 3038 1090 3122 patet,
1119 3033 1283 3104 Austriaci
1309 3016 1447 3136 Imffl

270 3141 387 3208 ditione
420 3142 626 3220 continentur,
659 3141 699 3208 iis
732 3143 838 3208 tamen
871 3141 1022 3226 exceptis.
1057 3140 1111 3224 qui
1144 3141 1178 3205 in
1211 3129 1363 3224 prouinciis
1379 3115 1468 3188 ibitur

272 3245 419 3324 existunt,
442 3264 498 3311 nec
520 3263 583 3310 non
602 3244 753 3330 Episcopo
776 3244 1028 3312 wratislaviensi
1050 3263 1105 3329 pro
1124 3245 1214 3328 parte
1236 3228 1381 3307 Diocccsit
1400 3229 1446 3302 qna

270 3353 303 3418 iu
326 3349 459 3435 Imperio
481 3349 645 3416 lustriaco
668 3349 854 3430 continetur,
877 3351 1066 3434 potestatem
1088 3349 1220 3415 facimus
1243 3343 1281 3412 ad
1302 3325 1468 3414 ,pippino-1

270 3457 358 3523 nium
379 3454 564 3522 concedendi
586 3453 753 3521 facultates
774 3455 973 3538 sequentibus
996 3453 1136 3520 articulis
1157 3446 1379 3536 comprehensas·
1467 3525 1468 3538 ἵ

375 3559 399 3625 l.
427 3558 675 3644 Archiepiseepis
702 3558 848 3626 nimirum
876 3559 1032 3626 alienandi
1057 3560 1138 3627 bona
1170 3545 1364 3626 ecclesiastica
1388 3538 1448 3638 lilii

271 3663 312 3728 ad
334 3681 490 3729 summam
512 3663 697 3730 florenorum
719 3665 787 3729 octo
810 3663 945 3729 millium
967 3665 1110 3730 monetae
1131 3662 1319 3734 Austriacaa
1336 3641 1445 3728 Elimia

270 3785 341 3834 vcro
364 3785 399 3832 ac
421 3765 621 3833 Praesulibus
643 3766 769 3833 Nullius
792 3766 950 3833 Dioecesis
972 3785 1070 3851 usque
1092 3766 1133 3832 ad
1154 3743 1445 3856 summnmilorcutflm

270 3891 322 3938 sex
344 3871 477 3937 millium
511 3871 650 3954 ejusdem
682 3872 841 3952 monetae,
875 3871 939 3938 sive
961 3869 1090 3938 stabilia
1111 3889 1148 3936 ea
1170 3870 1249 3936 bona
1277 3857 1344 3932 sint,
1367 3855 1412 3952 nne
1425 3847 1444 3892 ω
1467 3909 1468 3932 t

269 3975 402 4060 publicis
424 3975 597 4042 nominibus
620 3975 800 4057 consistant,
825 3975 948 4060 adjecta
970 3977 1075 4041 tamen
1097 3973 1280 4048 conditione,
1302 3962 1332 4026 ut
1354 3943 1443 4034 ,soom

270 4097 306 4144 ex
328 4079 514 4146 alienatione
535 4081 715 4164 perceptum
737 4079 770 4145 in
793 4079 926 4146 aliorum
947 4080 1096 4145 bonorum
1118 4078 1274 4145 stabilium
1288 4050 1442 4149 seucenulii

271 4181 505 4266 acquisitionem
527 4185 733 4263 eonvertatur,
766 4184 866 4269 iisque
900 4182 1113 4250 deficientibus
1145 4180 1274 4267 pretinm
1301 4171 1379 4271 ipsun
1398 4140 1439 4260 Ψ

271 4287 391 4353 ratione
412 4289 568 4354 fnuctuose
590 4306 628 4354 ac
650 4305 757 4354 secure
779 4288 956 4367 collocetur,
980 4288 1105 4354 eroluse⁴
1130 4283 1266 4371 qualibet
1289 4251 1439 4353 ,egonetntt

272 4410 307 4456 ex
329 4409 483 4457 sacrorum
507 4410 657 4457 canonum
680 4391 837 4458 sanctione
859 4390 1080 4458 ecclesiasticis
1101 4391 1176 4457 vinis
1199 4374 1350 4484 inuidos
1422 4445 1427 4457 ⁸

373 4495 414 4560 11.
446 4493 693 4579 Archiepiscopie
741 4495 938 4579 impertiendi
977 4494 1160 4561 facultatem
1202 4472 1354 4584 imponendi¹
1380 4459 1438 4564 bill
1467 4569 1468 4588 ἢ

272 4597 488 4668 celeianae
511 4616 614 4679 onera,
637 4611 715 4684 quae
737 4617 798 4666 non
812 4599 961 4666 excedent
973 4618 1126 4666 summam
1137 4599 1306 4665 florenorum
1316 4563 1441 4663 qmndedffl
1467 4589 1468 4602 ¹
