3186 4942
133 142 214 212 vm
365 159 480 222 conas.
504 161 649 221 vasense
667 181 739 224 sese.
757 165 821 224 ιιι·
857 165 903 225 ne
920 165 980 238 ase
999 167 1161 226 cosmica

134 337 293 404 liberrimo
316 338 444 406 consilio
466 338 560 404 simul
586 340 625 405 ab
655 339 744 408 initio
765 341 913 426 temporis
935 341 1101 427 utramque
1124 343 1162 409 de
1185 342 1282 410 nihilo
1305 361 1377 408 cou-

135 441 216 508 didit
237 443 433 521 creaturam,
468 443 661 528 spiritualem
684 446 716 511 et
739 446 948 529 corporalem,
981 447 1154 530 angelicam
1177 447 1322 515 videlicet
1345 452 1377 517 et

135 547 334 625 mundanam,
357 566 393 640 ec
416 547 526 614 deiude
549 549 719 614 humanam
742 551 829 634 qnasi
853 569 1047 616 communem
1070 571 1105 616 cx
1128 551 1239 636 spiritu
1261 553 1293 619 ct
1309 573 1375 621 cor·

134 671 207 738 pore
230 653 435 720 constitutam
462 652 567 736 (Cone.
590 653 692 721 Later.
716 654 770 721 lv.
795 673 820 720 c.
848 655 873 722 l.
896 653 1072 740 Firmiter).

96 1117 101 1130 .
236 1069 388 1136 Universa
410 1089 501 1152 vero,
525 1090 603 1155 quae
626 1071 773 1151 condidit,
797 1073 885 1138 Deus
903 1072 1095 1164 providentia
1118 1093 1175 1139 sue
1197 1075 1304 1140 tuetur
1328 1075 1377 1141 at-

133 1195 193 1260 que
214 1175 377 1260 guhemet,
402 1175 562 1260 attingens
584 1196 603 1241 a
624 1177 685 1242 tine
707 1195 804 1260 usque
827 1175 866 1241 ad
889 1177 981 1242 finem
1006 1176 1139 1254 fortiter,
1161 1178 1194 1243 et
1214 1177 1376 1262 disponens

133 1280 238 1345 omniu
259 1280 398 1346 suaviter
420 1279 505 1364 (Sap.
529 1279 625 1362 VIII,
651 1282 703 1364 1.).
750 1280 863 1347 Omnia
891 1280 972 1346 enim
1004 1281 1089 1347 nuda
1118 1283 1150 1348 et
1174 1283 1282 1366 aperta
1303 1283 1377 1347 sunt

134 1383 230 1450 oculis
252 1383 319 1468 ejus
343 1384 394 1470 (cl.
418 1384 512 1452 Hehr.
536 1385 603 1464 Ν,
629 1385 711 1470 13.),
735 1404 772 1451 ea
794 1385 911 1464 etiem,
941 1405 1021 1469 qnae
1043 1387 1141 1452 libere
1163 1389 1375 1454 creaturarum

127 1480 255 1555 'actione
277 1489 385 1555 futuru
407 1491 489 1557 sunt

506 1677 610 1760 dape
630 1677 681 1745 ΙΙ.
725 1675 777 1745 Dc
799 1679 1008 1746 Rceelotr'onc.

65 1839 72 1858 ,
113 1784 356 1882 .':=,¹·o¹tltaoem
380 1777 495 1896 Sahcta
516 1799 620 1866 Meter
641 1799 780 1866 Ecclesia
802 1801 889 1867 toust
916 1801 948 1866 et
970 1799 1080 1879 docet,
1118 1800 1239 1882 Deum,
1274 1821 1378 1867 rerum

30 1970 39 1989 J
133 1888 270 1971 omnium
300 1903 485 1990 principium
513 1905 545 1969 et
574 1903 689 1982 finarum
726 1903 865 1971 naturali
894 1904 1049 1970 humanae
1072 1903 1199 1971 rationis
1222 1905 1378 1972 lurninee

132 2007 225 2076 rebus
245 2008 358 2074 creatis
380 2009 463 2074 certo
485 2009 628 2093 cognosci
650 2027 758 2092 posse;
782 2007 952 2074 invisibilia
974 2008 1055 2074 enim
1071 2009 1179 2093 ipsius,
1202 2011 1378 2076 uoreatnre

133 2112 264 2192 mundi,
294 2131 349 2196 per
371 2131 407 2178 ea
428 2131 507 2196 quae
528 2111 614 2178 facta
635 2113 730 2191 aunt,
753 2111 934 2192 intellecta,
963 2113 1193 2198 conspiciuntur
1216 2113 1317 2198 (Rom.
1340 2112 1377 2192 1,

135 2215 220 2301 20.):
250 2217 391 2282 attamen
410 2214 563 2301 placuisse
586 2215 653 2300 ejus
676 2215 847 2300 sapientiae
867 2219 900 2282 et
920 2217 1075 2298 bonitati,
1100 2217 1183 2297 alia,
1207 2236 1303 2302 seque
1327 2237 1379 2282 su·

133 2319 324 2405 permatureli
346 2321 397 2386 via
419 2339 452 2388 ee
474 2319 575 2405 ipsum
598 2339 634 2386 ac
656 2321 782 2416 aeterne
807 2321 977 2388 voluntatis
1000 2341 1073 2388 suae
1095 2321 1220 2388 decreta
1243 2323 1378 2388 humano

134 2423 240 2510 generi
261 2425 407 2506 revelare,
431 2425 729 2510 diceuteApostole:
752 2425 969 2505 Multilariam,
993 2425 1161 2510 multisque
1184 2425 1283 2491 modis
1306 2426 1379 2490 olim

134 2529 219 2596 Deus
241 2528 369 2614 loquens
391 2529 533 2614 putribus
555 2528 588 2594 in
610 2529 790 2614 Prophetis:
825 2529 1010 2608 novissime,
1033 2530 1141 2596 diebus
1164 2529 1234 2596 istis
1256 2529 1378 2594 locutus

139 2633 187 2700 est
210 2631 298 2698 uobis
319 2633 351 2700 iu
375 2632 454 2700 Filio
476 2634 586 2718 (Hehr.
609 2635 646 2716 1,
671 2634 788 2721 1-2.).

242 3047 326 3115 Huic
348 3047 471 3114 divinoe
492 3047 675 3116 revelationi
697 3041 895 3115 tribuendum
917 3047 1043 3131 quidem
1067 3047 1137 3125 est,
1167 3049 1204 3111 ut
1226 3065 1280 3125 ea,
1304 3065 1382 3130 qnae

136 3153 170 3220 in
193 3153 285 3220 rebus
307 3151 421 3218 divinis
443 3151 595 3219 humanae
617 3153 731 3220 rationi
753 3171 807 3237 per
829 3171 862 3218 se
883 3150 1034 3235 impervia
1055 3170 1116 3217 non
1139 3151 1221 3230 sunt,
1245 3152 1277 3215 in
1292 3169 1381 3236 prae-

139 3259 221 3324 senti
244 3276 365 3344 quoque
387 3255 509 3342 generis
531 3254 661 3323 humani
684 3256 856 3322 conditione
880 3255 920 3320 ah
941 3256 1083 3322 omnibns
1106 3255 1261 3339 expedite,
1293 3255 1382 3320 firma

139 3361 327 3430 certitudine
353 3362 384 3426 et
407 3359 492 3425 nullo
514 3360 650 3426 admixto
674 3379 775 3427 errore
798 3359 940 3446 cognosci
962 3358 1089 3445 possint.
1116 3359 1187 3426 Nou
1203 3359 1262 3426 hac
1276 3359 1381 3424 tamen

144 3467 181 3532 de
205 3484 298 3533 causa
320 3463 469 3530 revelatio
498 3463 639 3530 absolute
671 3464 843 3530 necessarie
867 3462 997 3529 dicenda
1019 3463 1087 3542 cst,
1121 3462 1175 3530 sed
1203 3463 1275 3548 quia
1298 3462 1381 3527 Deus

139 3589 176 3636 er
196 3569 321 3636 infinite
342 3567 483 3635 bonitate
506 3587 562 3634 sua
584 3567 740 3634 ordinavit
761 3567 917 3633 hominem
938 3566 977 3632 ed
994 3565 1088 3634 linem
1103 3565 1383 3652 supemeturalem,

142 3673 182 3740 ad
204 3672 421 3759 participanda
442 3671 562 3739 scilicet
583 3672 665 3740 hona
686 3673 811 3752 divina,
844 3691 922 3757 quae
952 3671 1106 3738 humanae
1128 3672 1243 3738 mentis
1266 3669 1384 3737 intelli·

140 3779 280 3866 gentiam
303 3777 426 3846 omniuo
448 3777 617 3861 superant;
640 3775 794 3860 siquidem
816 3776 923 3842 oculus
945 3795 1006 3842 non
1029 3774 1117 3856 vidit,
1139 3795 1195 3842 nec
1218 3773 1301 3841 euris
1324 3793 1381 3838 au·

141 3881 240 3964 divit,
264 3901 320 3950 noc
341 3881 375 3947 in
397 3899 450 3948 eor
471 3881 605 3948 hominis
629 3880 787 3961 escendit,
811 3899 889 3966 quae
911 3879 1108 3967 praeparavit
1129 3878 1214 3944 Deus
1235 3877 1294 3959 iis,
1331 3875 1383 3960 qui

142 3985 279 4075 diligunt
300 3985 393 4053 illum
415 3986 459 4072 (1.
484 3983 551 4053 Cor.
574 3983 627 4064 11,
651 3985 704 4071 9.).

13 4457 15 4472 ,
144 4447 146 4457 ι
213 4404 333 4492 §Haec
355 4421 445 4488 porro
467 4397 711 4485 supernaturalis
733 4397 896 4475 revelatio,
931 4393 1099 4462 secundum
1121 4393 1305 4461 universalis
1326 4394 1384 4460 Ec·

43 4538 47 4556 =
70 4526 75 4536 ·
145 4507 255 4582 alasiae
277 4506 380 4590 fidem,
401 4525 420 4572 a
443 4507 551 4573 sanctu
574 4501 758 4570 Tridentino
779 4501 899 4588 Synodo
921 4499 1130 4580 declaratam,
1153 4497 1329 4565 continetur
1350 4497 1386 4563 in
