3202 4934
239 185 260 252 ί
396 199 599 272 &saesdema
618 201 648 258 et
664 210 816 271 responsu
833 199 870 256 ds
886 199 985 270 praef
1003 215 1024 256 r.
1044 197 1218 256 Paeniteat.
1237 177 1325 254 lium

240 375 445 462 expositorum
467 372 672 440 conscientiae
695 387 769 438 suae
791 373 988 440 satisfactum
1009 389 1077 438 esse
1098 369 1223 438 sentiat.
1268 373 1363 439 Porro
1384 373 1485 440 infor·

239 481 392 548 motiones
405 477 624 563 praecedentes
639 477 767 561 possunt
780 493 847 543 esse
860 475 1020 560 ejusmodi,
1044 478 1080 542 ut
1094 475 1312 542 certitudinem
1330 476 1483 545 moralem

238 585 277 650 de
298 583 431 650 veritate
453 581 664 667 expositorum
687 579 825 660 faciant,
860 599 965 650 rerum
994 581 1052 647 hoe
1081 580 1114 646 in
1143 596 1216 647 cusu
1242 581 1484 649 examinandum

240 685 404 756 Executori
427 683 528 751 adbuc
550 685 699 761 remanet,
722 703 799 749 num
820 702 867 763 ea,
889 685 1021 768 quaein
1044 683 1158 750 Litoris
1180 683 1367 769 Apostolicis
1388 701 1484 770 expe-

239 793 302 858 sita
322 779 410 869 sunt,
433 807 503 854 cum
525 787 600 872 ipsis
623 786 892 854 informationibus
914 789 1007 854 antea
1027 786 1219 872 praehabitis
1241 788 1426 855 concordent
1446 789 1485 853 et

241 915 325 978 num,
349 895 479 961 durante
500 911 635 973 mcursu,
659 909 753 958 causa
775 893 914 977 exposite
935 891 1102 958 cessaverit
1123 893 1179 959 aut
1194 891 1405 978 supervenerit
1420 885 1483 958 aii-

240 998 313 1084 quid
328 1047 349 1088 ,Α
369 997 451 1084 quod
480 997 615 1083 gratiam
643 995 756 1062 irritet.
803 995 851 1062 Ad
883 1015 949 1063 rem
980 997 1085 1062 autem
1114 995 1191 1062 mibi
1213 995 1313 1063 facere
1336 989 1483 1064 ridentur

239 1103 317 1169 baec
338 1102 419 1184 duo,
452 1121 531 1188 quae
553 1098 683 1184 subjicio
705 1099 804 1166 iacta:
843 1099 949 1167 Solent
970 1100 1074 1185 plnres
1097 1100 1228 1185 Hispani
1250 1100 1462 1186 impediment'

239 1190 455 1275 dblrben'tibns
475 1205 567 1291 ligati
588 1205 720 1272 Romam
741 1205 846 1274 venire
867 1203 906 1270 ad
929 1204 1173 1272 contrabendum
1196 1207 1259 1272 sire
1281 1225 1335 1290 per
1356 1223 1389 1272 se
1410 1205 1480 1273 sive

238 1331 293 1398 per
310 1311 523 1396 procuratores
545 1307 786 1374 matrimonium.
824 1308 906 1374 Hinc
927 1308 975 1387 dt,
997 1308 1034 1373 ut
1056 1309 1193 1374 executio
1208 1307 1481 1394 Dispensationem

238 1433 293 1501 pro
314 1399 490 1500 hujusmodi
505 1411 687 1480 Oratoribus
710 1411 925 1478 committatur
951 1409 1135 1478 officialibus
1158 1411 1330 1480 cardinalis
1352 1413 1480 1480 vicarii.

239 1519 411 1586 lumpero
433 1517 491 1583 buc
519 1515 552 1581 in
583 1531 656 1580 caso
689 1513 860 1581 verificatie
889 1514 926 1580 lit
953 1515 999 1582 vel
1032 1516 1233 1583 examinando
1254 1515 1337 1600 ipsos
1359 1520 1479 1583 conbe-

237 1603 367 1702 netres,
397 1619 561 1687 emmae
582 1620 665 1698 sint,
686 1617 734 1684 vo
764 1619 873 1684 reseras
895 1636 915 1683 a
936 1618 1073 1686 reorum
1096 1617 1268 1686 ornnem
1291 1619 1330 1686 ao
1350 1621 1381 1686 ro
1403 1639 1479 1686 oon·

239 1742 351 1792 cessas.

343 1829 541 1913 Propositum
574 1827 635 1894 fuit
665 1823 831 1910 aliquando
863 1825 895 1894 S.
926 1827 1187 1894 Pocnitentiariae
1220 1827 1370 1905 dubium,
1404 1847 1480 1894 num

236 1933 322 2000 bend'
336 1951 369 1999 se
390 1932 513 2019 gereret
526 1929 653 2016 quidam
668 1929 860 2010 ordinarius,
883 1931 935 2013 qui
957 1930 1135 2014 praemissis
1157 1949 1211 2014 per
1233 1932 1402 2015 parocbum
1422 1951 1478 1998 seu

236 2036 385 2103 vicanum
409 2035 566 2101 foraneum
581 2036 614 2100 et
636 2051 691 2118 por
705 2033 802 2099 testes
815 2033 1084 2101 informationibus
1106 2053 1159 2118 pre
1181 2035 1384 2102 concedendis
1406 2037 1479 2103 lito-

237 2139 282 2205 ris
304 2139 343 2206 ad
366 2138 577 2224 impetrandas
600 2135 681 2221 apud
696 2136 907 2220 Apostolicam
929 2136 1043 2205 Sedens
1063 2138 1316 2224 dispensationes,
1338 2140 1410 2207 inde
1426 2161 1480 2207 ac-

238 2243 344 2327 ceptas
382 2242 491 2308 literas
529 2240 724 2325 spostolicae
759 2239 997 2325 dispensmimis
1034 2242 1149 2326 absque
1181 2259 1268 2308 mora
1304 2243 1479 2310 executioni

237 2345 407 2412 mandabat
427 2361 541 2430 easque
563 2343 705 2428 parocbia
726 2344 906 2410 remittebat
926 2343 970 2411 eis
991 2345 1192 2430 praecipiens,
1216 2365 1253 2412 ne
1268 2345 1340 2412 ibas
1355 2349 1480 2414 contra·

237 2447 383 2517 bentibus
404 2449 660 2528 manifestarent,
693 2448 753 2515 nisi
780 2466 853 2515 rere
880 2451 983 2516 essent
1012 2449 1157 2534 exposita.
1204 2451 1277 2517 Jam
1307 2469 1379 2517 sero
1405 2452 1478 2517 huic

208 2540 329 2621 'dubio
358 2553 389 2620 S.
411 2545 654 2620 Paenitentiaria
668 2547 847 2636 'rescripsit
894 2553 1083 2637 „Impeditis
1112 2575 1191 2638 pauc
1214 2555 1418 2638 praecipitur
1444 2557 1479 2620 ier

236 2657 429 2740 Apostolicie
458 2657 560 2724 literis
586 2658 781 2724 matrimonii
810 2677 848 2722 ee
876 2659 1020 2724 meare
1040 2657 1145 2740 pseud
1165 2657 1374 2724 eameram
1401 2661 1476 2740 ficri

342 2863 491 2946 Qsceste'e
521 2863 555 2929 V.
600 2864 655 2930 Aa
682 2865 725 2930 sit
750 2865 875 2930 omnim
897 2865 1077 2932 masserio
1097 2867 1269 2948 verificabo
1291 2866 1327 2932 is
1348 2867 1475 2948 dispess-

238 2967 413 3034 eotiom‘bus
428 2967 620 3050 possetis»
640 2967 726 3033 dctis
748 2967 785 3033 ia
804 2969 911 3050 formo
926 2989 1123 3052 pauperum,
1148 2989 1217 3036 cam
1239 2969 1282 3036 sit
1302 2969 1339 3034 ie
1360 2969 1478 3035 sostris

238 3071 417 3156 rememoro
433 3071 553 3153 prucis
575 3069 760 3138 emeterio?
804 3071 848 3137 m
876 3073 953 3156 quid
984 3073 1023 3139 de
1051 3074 1232 3157 hujucemodi
1265 3072 1476 3140 macaris

238 3193 310 3242 cam
330 3175 615 3260 dispensationibus
637 3174 752 3258 ubsque
774 3175 986 3258 amaracina
1006 3177 1098 3242 indie
1119 3177 1163 3243 ss't
1185 3173 1396 3243 aaronem?

342 3277 397 3345 lt:
419 3277 677 3363 Respondendum
701 3279 921 3346 censoaria
943 3279 1155 3364 praecedenti3
1189 3297 1244 3358 eo,
1279 3277 1398 3345 siinde
1419 3279 1479 3344 du·
1567 3265 1568 3274 '

237 3384 323 3450 bium
356 3383 440 3449 adsit
466 3383 504 3449 de
532 3381 695 3448 validitate
725 3383 990 3448 matrimoniorum
1020 3385 1123 3468 potest
1151 3383 1280 3450 dubium
1302 3385 1402 3468 ipsum
1427 3401 1479 3447 er-

237 3487 310 3572 peni
332 3485 364 3551 S.
386 3483 656 3564 Posuitentiariae,
679 3503 758 3569 uuae
780 3485 926 3552 decernet
947 3486 1020 3570 quid
1043 3485 1239 3553 medendum
1261 3487 1304 3554 sit
1324 3487 1363 3553 de
1384 3505 1474 3570 prae-

212 3631 216 3639 ·
237 3590 306 3656 iate
326 3588 412 3672 praxi
434 3589 476 3668 et,
499 3592 650 3674 qnatenus
673 3607 748 3672 opus
771 3589 882 3668 fuerit,
906 3607 958 3674 per
980 3591 1172 3657 sanationem
1193 3590 1226 3656 in
1247 3589 1350 3658 radice
1371 3589 1479 3657 eadem

240 3691 438 3760 matrimonia
457 3691 651 3758 mralfdubit.
816 3683 821 3690 '
1566 3767 1567 3776 ἵ

341 3797 488 3881 eunomio
515 3793 571 3862 VI.
616 3797 927 3863 endecadarum
955 3795 1202 3880 dispereationie
1222 3797 1384 3884 diriperae
1405 3799 1479 3879 offi-

240 3899 1480 3986 oidiulimpieedioeeeeieiapcoocneaietitoffieialimcttraclfpisce·

231 4003 1479 4088 mmmmmdcccrctboepeeaaomecuooacceaoorecre

339 4209 394 4276 It:
440 4211 519 4278 Vera
545 4213 577 4280 et
597 4211 684 4296 justu
706 4213 848 4278 censetur
870 4210 1025 4278 sententia
1047 4211 1159 4296 Pyrrhi
1180 4211 1307 4279 Cenabi
1332 4211 1372 4278 (le
1392 4210 1480 4296 praxi

237 4313 325 4399 Disp.
347 4313 368 4379 l.
388 4313 487 4394 Vlll,
510 4334 535 4382 e.
560 4317 580 4381 4
603 4333 667 4400 sqq.
702 4317 736 4381 et
757 4314 889 4380 aliorum
900 4313 1079 4394 Doctorum,
1103 4314 1157 4399 qui
1177 4315 1267 4400 ajunt
1289 4313 1480 4382 commissio-

236 4433 292 4483 nes
319 4415 421 4483 fectas
453 4417 578 4482 officiali
611 4418 660 4485 rel
693 4417 807 4484 vicano
841 4435 901 4485 non
935 4435 1022 4502 pesse
1053 4417 1187 4503 expediri
1217 4437 1272 4502 per
1294 4419 1479 4504 Episcopum

132 4591 134 4594 .
238 4518 334 4592 ettam
356 4515 483 4588 officiali
505 4521 630 4590 remote.
659 4521 773 4588 Verum
796 4521 823 4586 si
853 4521 885 4586 in
907 4520 1048 4588 Dieecesi
1076 4540 1135 4588 non
1157 4520 1240 4590 adsit
1262 4521 1403 4590 eiflcblis
1425 4522 1481 4590 de-
