3140 4934
82 265 191 338 Doesqr.
212 263 300 322 Oeae
319 265 348 321 d.
365 264 395 320 3.
413 263 486 320 Dec.
502 261 580 318 1866
598 263 635 318 de
654 267 771 335 quarta
787 279 883 322 mem.
903 279 949 335 cp.
966 264 1088 320 dietae.
1102 275 1215 321 conca.
1260 245 1322 313 123

81 438 211 504 mortam
235 433 665 520 Archiepiscopillerdinaudi
683 436 831 521 Augusti,
855 435 998 521 quartam
1022 436 1144 520 partem
1165 433 1323 502 redituum

81 561 206 608 mansae
228 539 496 624 archiepiscopalis
509 581 533 620 ,-
553 540 608 624 qni
633 540 724 625 juxta
745 541 906 608 laudatam
931 541 1057 607 Bullam
1080 559 1214 607 mnuam
1236 557 1324 606 surn-

80 665 165 712 mam
187 645 349 714 duodecim
377 643 511 713 millium
539 643 732 712 thalcrcrum
755 645 989 712 Dorussieorum
1011 644 1153 723 iaciunt,
1186 643 1269 709 inter
1290 661 1323 708 se

82 749 253 816 ffirisemnt
281 749 315 814 et
343 746 488 813 similiter
509 746 675 816 hodiernus
697 747 834 831 Capituli
856 747 1050 832 praepositus
1072 749 1147 814 Iter.
1171 745 1323 814 Dominus

81 855 253 920 Maenchen
275 853 327 918 die
349 856 379 916 3.
397 850 577 916 Decembris
600 851 672 918 anni
695 852 797 918 exacti
820 871 982 920 oeconomo
1004 850 1170 933 commisit,
1190 853 1227 918 ut
1242 852 1324 916 inter

84 961 123 1023 12
146 957 308 1023 canonicos
336 955 527 1021 numerarios
556 971 710 1023 strumam
741 955 930 1022 tlralerorum
954 957 1038 1022 3150
1062 957 1210 1040 tanquam
1231 974 1324 1039 quar·

82 1064 148 1128 tam
171 1063 293 1145 partem
322 1059 479 1124 fructuum
506 1057 589 1124 sedis
611 1057 879 1142 archiepiscopalis
898 1060 1041 1124 canatis
1064 1059 1102 1126 de
1124 1059 1324 1126 die·13.De-

84 1165 219 1232 cembn‘s
242 1164 326 1230 1864
347 1181 445 1246 usque
467 1162 507 1228 ad
530 1161 611 1228 diem
636 1163 687 1232 31.
713 1162 894 1230 Decembris
916 1163 999 1228 1865
1022 1163 1251 1230 obvenientium
1273 1162 1323 1228 di-

83 1267 238 1353 spertiret.
283 1267 430 1334 Oblatum
451 1265 490 1332 ab
512 1285 674 1334 oeconomo
696 1267 858 1351 pecuniam
874 1267 1015 1336 nonnulli
1030 1271 1223 1351 aeceperunt,
1247 1287 1324 1335 ncn-

84 1373 162 1440 nnlli
183 1371 376 1450 recusarunt,
399 1370 495 1436 donec
516 1369 555 1436 ab
570 1369 749 1456 Apostolica
764 1371 844 1438 Sede
863 1371 904 1438 de
926 1371 984 1438 hac
1006 1391 1039 1437 re
1061 1371 1199 1437 decisum
1218 1372 1323 1438 fuerit.

191 1527 315 1594 Etenim
340 1503 394 1594 SS.
418 1525 694 1610 concussisti).
725 1529 798 1614 quia
829 1547 919 1614 saepe
953 1528 991 1594 de
1014 1525 1102 1594 elect.
1139 1509 1172 1593 in
1206 1525 1261 1593 bto
1292 1528 1325 1592 et

85 1653 111 1698 c.
135 1633 165 1698 7.
187 1633 272 1698 statu
296 1669 336 1679 —
362 1629 399 1695 de
421 1631 529 1698 relect.
551 1632 584 1696 in
604 1630 802 1718 Clementia.)
825 1634 883 1698 sub
905 1651 1003 1719 poena
1025 1632 1233 1718 suspensionis
1256 1649 1327 1714 pro·

84 1736 204 1816 hibent,
228 1755 266 1801 ne
289 1733 427 1818 capitula
449 1737 480 1800 et
502 1735 675 1820 singulares
697 1737 873 1804 eorumdem
897 1757 1042 1821 personae
1057 1737 1139 1803 bena
1155 1733 1327 1801 vacationis

85 1843 223 1923 tempore
247 1839 442 1904 obvenientia
464 1841 622 1924 occupent,
647 1841 702 1906 aut
724 1841 806 1906 inter
829 1859 861 1906 se
885 1839 1026 1906 dividant
1049 1840 1142 1926 atque
1164 1841 1245 1905 teste
1266 1839 1326 1906 Bc·

86 1943 210 2009 nedicto
240 1941 325 2008 XIV.
355 1941 398 2008 ¹de
429 1942 535 2028 synod.
558 1943 688 2010 dioeces.
711 1943 766 2009 lib.
789 1943 839 2023 X,
864 1964 888 2010 c.
909 1945 958 2012 10.
975 1943 1006 2012 S.
1024 1943 1231 2030 congregatio
1248 1942 1327 2010 Con·

86 2047 152 2112 cilii
175 2046 253 2112 alias
276 2045 416 2124 censuit,
459 2045 667 2114 emolumenta
690 2047 762 2112 sede
793 2047 958 2130 episcopali
980 2047 1109 2113 vacante
1131 2045 1327 2113 obvenientia

87 2169 122 2214 er
140 2149 357 2234 jurisdictione
380 2149 411 2214 et
435 2149 539 2234 sigillo
571 2151 626 2215 aut
648 2150 726 2216 alias
748 2147 951 2235 undequaque
974 2151 1132 2235 nequead
1156 2149 1328 2234 capitulum

86 2273 184 2338 neque
206 2253 245 2318 ad
268 2255 334 2338 ejus
351 2253 509 2322 Vicarium
531 2256 681 2339 spectare,
704 2255 758 2321 sed
782 2253 893 2322 debere
916 2253 1020 2320 futuro
1043 2255 1210 2320 successori
1232 2273 1327 2320 reser-

86 2359 171 2436 vari,
205 2359 242 2424 nt
271 2358 310 2424 ad
341 2359 516 2443 episcopum
545 2359 675 2426 ecclesia
699 2379 760 2426 nen
783 2361 914 2444 vacante
935 2359 1166 2444 pertinuissent.
1211 2357 1257 2422 Er
1280 2357 1329 2423 his

87 2464 194 2528 tamen
223 2462 440 2528 emolumentis
470 2462 684 2529 deducendum
720 2483 787 2531 esse
819 2451 968 2529 salarium
1002 2461 1188 2527 rationabile
1215 2459 1329 2526 vicario

87 2566 338 2633 constituendum
369 2567 402 2631 st
429 2565 676 2649 persolvendum.
731 2567 782 2634 Ita
812 2565 970 2632 decretum
999 2564 1059 2630 luit
1089 2564 1128 2630 ab
1159 2563 1266 2629 eadem
1298 2561 1329 2628 S.

88 2669 336 2755 Congregatione
360 2669 411 2735 die
436 2669 486 2736 11.
509 2669 591 2736 Julii
615 2669 698 2778 162fl
722 2669 890 2736 etiterum
912 2667 962 2733 die
987 2667 1036 2732 17.
1058 2665 1183 2764 Aprilis
1201 2667 1293 2732 1627.

190 2825 299 2909 Neque
331 2825 365 2890 in
398 2825 465 2908 ipsa
490 2822 652 2907 praedicta
678 2823 772 2890 Bulla
804 2825 958 2892 canonicis
989 2824 1038 2890 lris
1068 2824 1280 2891 sanctionibus
1311 2841 1330 2889 a

88 2928 215 2994 Summo
237 2929 389 2995 Pcntitiee
417 2927 598 3010 ullomodo
621 2927 806 3013 derogatum
829 2929 888 2996 est.
931 2929 1013 2994 Hinc
1044 2927 1230 2996 censendum
1264 2946 1331 2994 csse

88 3031 213 3098 videtur
234 3031 509 3116 Archieplscopum
522 3032 752 3098 Fcrdinundum
763 3033 942 3116 Augustum
966 3031 1062 3098 stiam
1083 3033 1121 3098 nt
1141 3031 1330 3117 subdelega-

88 3136 157 3202 tnm
179 3134 393 3219 Apostolicnm
415 3136 551 3202 caruisse
572 3136 724 3228 facultate
745 3135 928 3220 assignandi
950 3135 1086 3218 capitulo
1107 3135 1238 3210 meante
1259 3135 1332 3201 sede

87 3239 232 3323 quartam
255 3239 376 3323 partem
398 3240 556 3310 redituum
578 3257 703 3306 mersae
725 3237 996 3322 archiepiscopalis
1021 3258 1058 3304 ac
1080 3239 1205 3322 preinde
1227 3239 1331 3304 statu-

87 3344 157 3408 tum
179 3343 237 3409 hoe
259 3343 376 3410 nullius
397 3362 465 3410 esse
486 3343 610 3411 valoris.
657 3343 824 3410 Praeterea
850 3342 976 3410 miamsi
1001 3343 1161 3410 statutum
1190 3343 1248 3411 hon
1276 3361 1332 3408 su·

87 3447 198 3513 stineri
219 3447 330 3531 queat,
354 3446 485 3514 ulterius
506 3446 716 3532 quaerendum
740 3446 878 3526 ridebrr,
912 3449 1019 3515 utrum
1041 3449 1154 3533 quarta
1176 3449 1239 3514 istu
1258 3465 1332 3532 pars

89 3552 171 3616 inter
190 3551 330 3636 singulos
351 3552 514 3620 canemque
533 3542 632 3618 dividi
654 3549 773 3635 possit,
806 3571 846 3616 an
867 3551 971 3635 potius
993 3551 1034 3620 ad
1054 3551 1185 3618 fundum
1209 3569 1335 3618 massae-

90 3655 273 3739 capitularis
297 3653 441 3722 accedere
471 3655 591 3722 debeat.
635 3655 782 3720 Relatum
808 3655 934 3739 quidem
957 3657 1026 3736 est,
1064 3655 1148 3723 idern
1177 3657 1332 3723 statutum

90 3758 198 3825 haberi
219 3759 314 3825 etiam
344 3759 378 3824 in
407 3761 478 3826 aliis
500 3759 666 3826 Berussiae
694 3759 727 3825 et
749 3756 934 3824 Germaniae
957 3759 1094 3826 ecclesiis
1116 3759 1148 3826 et
1170 3760 1332 3827 canonicos
1432 3823 1436 3832 ,

89 3865 123 3930 in
145 3863 191 3929 eis
212 3863 344 3929 vacmte
366 3863 440 3930 sede
461 3865 606 3948 quartam
628 3865 749 3946 partem
770 3861 888 3928 ibidem
902 3860 1029 3930 intense
1044 3864 1199 3941 dividera;
1223 3863 1332 3928 seder

91 3967 142 4032 his
165 3965 205 4030 ad
227 3964 449 4032 stabiliendum
475 3965 527 4050 jus
555 3965 635 4032 nibil
663 3965 775 4031 deduci
803 3981 892 4050 posse
922 3965 1055 4034 videtur.
1100 3967 1208 4051 Neque
1230 3965 1333 4052 magis

90 4071 131 4137 ad
154 4089 219 4136 rem
243 4067 343 4134 lacere
366 4071 502 4136 oratores
523 4069 658 4152 putant,
687 4067 745 4136 hcc
765 4069 920 4136 statutum
942 4070 1053 4136 saltem
1077 4089 1132 4154 pro
1155 4069 1259 4138 Dolon.
1282 4089 1334 4137 ee·

91 4174 186 4242 clesia
206 4170 412 4257 approbatum
433 4191 499 4238 esse
520 4193 540 4238 a
561 4171 762 4239 Serenissimo
783 4191 876 4258 rege,
912 4174 965 4257 qui
987 4174 1106 4240 dictam
1134 4177 1268 4241 annuam
1294 4174 1332 4240 12

92 4277 214 4344 milium
237 4274 428 4342 thalercmm
450 4295 602 4343 summam
632 4277 672 4342 ad
694 4275 954 4344 susmntationem
979 4275 1207 4361 Archiepiscopi
1229 4277 1331 4346 solvit.

92 4383 173 4448 Nam
197 4383 241 4446 ‘ex
269 4380 329 4445 hae
356 4380 441 4466 regia
473 4375 693 4464 approbatione
720 4383 845 4448 tantum
872 4381 960 4465 sequi
983 4381 1164 4448 existimant
1186 4401 1221 4446 er
1243 4382 1333 4465 parte

93 4485 236 4570 gubemii
259 4483 338 4550 nihil
360 4468 492 4564 obstare,
516 4487 679 4570 quominus
700 4487 839 4569 tempore
862 4485 1030 4552 uacationis
1052 4486 1165 4569 quarta
1187 4503 1258 4568 pars
1280 4502 1332 4550 rs·

94 4590 218 4656 aarum
240 4589 383 4674 Capitale
402 4589 547 4657 olveniat.
