3186 4942
211 245 300 324 ml
393 257 482 330 ¹(Iolao.
508 265 602 329 Vatia
621 263 698 328 Saos.
718 272 735 326 1
741 263 786 326 Vn
805 269 907 329 Ooust.
925 267 1027 346 dopna.
1046 261 1069 328 l.
1087 273 1124 329 da
1143 263 1279 332 ecclam

203 449 352 515 Doctores
375 446 535 513 orthodoxi
555 443 692 512 venerati
715 445 808 528 atque
838 446 938 511 secuti
968 448 1057 524 suut3
1085 443 1263 529 plenissime
1299 445 1441 524 scientos,

202 549 404 619 hano'sancti
427 551 515 618 Petri
543 549 652 616 Sedenr
683 550 722 614 ab
753 551 836 614 omni
865 567 985 634 semper
1014 561 1122 616 errore
1138 549 1294 615 illibatam
1317 567 1441 632 perma-

203 675 287 736 nere,¹
320 656 490 721 secundum
518 653 644 720 Domini
677 651 848 718 Saloutaria
863 739 867 746 Ι
881 656 979 720 nostri
1008 655 1148 720 divinam
1184 653 1441 737 pollicitationem

203 759 425 844 discipulorum
459 777 585 825 snorum
618 758 750 842 principi
782 759 916 825 luctam:
947 761 1015 846 Ego
1048 761 1296 844 rogaviprote,
1320 759 1439 824 utnon

203 865 329 930 deficiat
361 863 439 930 fides
471 865 538 943 tna,
561 866 594 929 et
622 865 658 928 tn
688 863 852 946 aliquando
874 883 1038 930 conuersus
1061 863 1209 930 confirma
1231 859 1345 928 fratrea
1366 863 1437 928 tuos

275 1369 277 1375 ⁸
305 1384 374 1449 Hoc
406 1381 505 1468 igitur
538 1382 679 1449 veritatis
714 1384 746 1447 et
778 1381 851 1447 fidei
869 1337 1147 1460 &ildisclus
1170 1382 1323 1448 charisma
1346 1383 1441 1448 Petro

204 1485 330 1571 ejusque
363 1487 396 1553 iu
428 1487 487 1553 hac
510 1487 666 1552 cathedra
698 1485 923 1552 successoribus
959 1484 1109 1554 divinitus
1140 1487 1289 1552 collatum
1321 1487 1379 1564 est,
1403 1489 1441 1551 ut

206 1591 324 1656 excelso
357 1609 413 1656 sno
445 1604 572 1656 munere
606 1591 640 1654 iu
667 1591 805 1656 onmium
829 1591 961 1656 salutern
985 1591 1196 1675 iungerentur,
1220 1593 1256 1656 ut
1278 1592 1439 1656 universus
1520 1597 1528 1607 '

203 1693 320 1759 christi
357 1713 430 1779 grex
461 1713 516 1778 per
550 1710 600 1760 eos
635 1693 673 1759 ab
707 1694 818 1760 erroris
844 1707 1002 1761 'venenosa
1034 1713 1105 1760 moa
1138 1712 1274 1774 aversus,
1297 1695 1439 1760 coelestis

202 1798 360 1864 domnuue
382 1799 494 1883 pabulo
514 1799 696 1877 nutriretur,
718 1799 756 1863 ut
776 1798 900 1863 sublata
919 1799 1096 1866 schismatis
1117 1799 1276 1865 occasione
1299 1797 1439 1864 Ecclesia

202 1903 270 1967 tota
292 1921 354 1968 una
376 1904 608 1968 conservaretur
630 1905 724 1986 atque
746 1903 1024 1970 sno·fnndamento
1045 1895 1152 1971 innixa
1172 1903 1263 1969 firme
1291 1899 1440 1968 aduersus

201 2005 293 2071 inferi
315 2008 419 2090 portas
442 2007 653 2074 consisteret*
765 2022 769 2031 ’

304 2112 430 2178 Atrero
453 2129 523 2177 cum
545 2111 604 2176 hac
624 2111 693 2195 ipsa
715 2113 828 2191 aetate
850 2129 912 2195 qua
924 2111 1086 2178 salutifera
1107 2111 1279 2196 Apostolici
1297 2111 1439 2177 muneris

201 2213 340 2280 efficacia
371 2215 421 2282 vel
453 2217 585 2282 maxime
617 2213 803 2299 requiritur,
838 2233 898 2280 nou
919 2217 1009 2298 pauci
1032 2215 1244 2292 inveniantur,
1275 2217 1328 2300 qui
1352 2215 1435 2280 illius

200 2317 380 2385 auctoritati
408 2319 602 2397 obtrectant3
633 2319 840 2385 necessarium
869 2319 993 2385 omnino
1020 2337 1088 2385 esse
1111 2337 1286 2401 censemus,
1311 2336 1433 2404 praero-

200 2423 358 2507 gatiuam,
391 2444 483 2508 quam
513 2424 692 2510 unigenitus
715 2421 773 2488 Dei
795 2423 894 2490 Filius
929 2438 1000 2489 cum
1022 2443 1144 2492 summo
1165 2424 1312 2508 pastorali
1337 2421 1436 2489 officio

202 2527 389 2614 conjungere
411 2527 558 2613 dignatus
580 2529 637 2608 est,
660 2527 840 2594 solemniter
862 2545 1009 2594 asserere.

303 2838 414 2922 ltaque
447 2838 512 2906 Nos
542 2838 708 2905 traditioni
739 2837 862 2904 a'lidei
890 2829 1087 2904 Christianae
1120 2839 1242 2904 exordio
1275 2845 1438 2923 perceptae

200 2942 335 3009 fideliter
367 2942 568 3024 inhaerendo,
597 2943 645 3008 ¹ad
668 2941 726 3008 Dei
759 2943 930 3008 salvatoris
964 2943 1061 3007 nostri
1103 2941 1254 3026 gloriam¹
1276 2943 1436 3028 religionis

202 3047 382 3114 Catholicae
404 3038 624 3112 exaltationem
646 3049 679 3112 et
701 3045 949 3112 Christianorum
972 3046 1150 3129 populorum
1174 3047 1319 3124 salutem,
1350 3065 1437 3113 sacro

200 3151 390 3234 approbante
424 3150 571 3231 Concilio,
604 3151 749 3216 docemus
782 3152 815 3216 et
847 3148 997 3215 diuinitus
1030 3151 1201 3216 revelatum
1234 3151 1348 3236 dogma
1370 3169 1437 3218 usae

200 3254 378 3321 definimus:
402 3255 574 3321 mnarum
598 3255 791 3334 Pontificem,
814 3265 886 3321 cunr
907 3273 943 3320 er
966 3247 1123 3319 cathedra
1144 3254 1289 3338 loquitur,
1320 3255 1353 3320 id
1380 3253 1437 3335 cst,

201 3377 271 3424 oum
300 3359 436 3425 omnium
466 3359 713 3426 Christianorum
744 3347 882 3424 Pastoris
912 3359 944 3424 ct
974 3357 1115 3424 Doctoris
1144 3374 1272 3424 munere
1293 3359 1436 3444 iungens,

199 3481 253 3546 pro
275 3479 419 3546 suprema
441 3481 498 3528 sua
519 3463 698 3546 Apostolica
718 3455 1100 3528 auctoritate'doctrinam
1122 3463 1160 3529 de
1183 3461 1244 3528 fide
1265 3462 1313 3528 vel
1339 3463 1435 3529 mnri-

198 3566 256 3630 bus
279 3565 318 3630 ad
340 3567 482 3632 uniuersa
502 3565 640 3631 Ecclesia
661 3565 827 3632 tenendam
847 3566 967 3645 definit,
988 3585 1043 3649 per
1064 3564 1273 3633 assistentiam
1298 3565 1435 3634 divinam

199 3687 288 3749 narn,
318 3671 377 3754 ipsi
407 3655 440 3735 in
469 3670 561 3736 beato
584 3672 678 3736 Petro
697 3669 897 3755 promissam,
920 3689 957 3736 ee
979 3671 1203 3736 infallibilitate
1226 3671 1352 3754 pollere,
1375 3689 1436 3753 qua

199 3774 322 3840 divinum
343 3773 531 3856 Redemptor
564 3773 734 3840 Ecclesiam
768 3791 856 3840 suam
890 3774 923 3840 in
955 3773 1128 3840 delinienda
1151 3775 1293 3840 doctrina
1315 3772 1353 3837 de
1373 3772 1435 3838 fida

197 3878 246 3942 rel
267 3877 405 3942 moribus
426 3877 612 3942 instructanr
635 3893 701 3944 esse
723 3877 838 3954 voluit3
861 3875 989 3961 ideoque
1012 3877 1163 3961 ejusmodi
1178 3877 1309 3944 Romani
1324 3875 1434 3942 Ponti-

199 3980 267 4046 ficis
298 3968 513 4046 (101ὶηίὲὶοώ
515 3999 551 4046 err
573 3997 650 4060 sese,
671 4001 735 4047 nco
756 3988 859 4048 mem
881 4003 920 4048 ee
942 3995 1098 4048 consensa
1113 3983 1286 4063 Eoebmcc,
1308 3982 1435 4048 irretor-

197 4085 448 4230 mabilgpseecsusreslr
466 4173 625 4237 pedmehteu
644 4175 732 4228 warte
749 4175 837 4230 iudan
855 4176 910 4231 sloh
929 4175 956 4230 lu
973 4175 1032 4228 den
1051 4186 1104 4230 run
1121 4119 1168 4230 der
1180 4175 1270 4242 ctullti
1289 4179 1360 4241 9⁸²²·
1375 4175 1435 4228 Μ

196 4259 289 4316 bonde
305 4261 359 4312 arrd
377 4259 435 4314 dem
453 4260 580 4324 hegensi
599 4259 671 4314 ord.-
661 4261 710 4322 ·.Bt
729 4261 888 4325 nannenten
906 4263 994 4314 lente.
1019 4262 1142 4331 hagenen
1161 4262 1286 4323 herichtet
1305 4261 1434 4326 derhest-

196 4345 307 4399 Vollrstr.
325 4346 367 4398 ur
390 4347 445 4408 180,
472 4347 538 4399 nach
566 4347 639 4400 einer
661 4346 800 4400 officielleu
818 4347 944 4400 Erillruu
991 4346 1037 4400 des
1057 4349 1177 4401 diurnale
1204 4351 1229 4401 di
1248 4349 1326 4402 Roma
1343 4347 1381 4399 sel
1400 4360 1434 4400 zu

196 4433 282 4483 lesen.
302 4429 417 4514 absque
437 4445 588 4486 consensa
605 4415 906 4563 Ecclesiae&
886 4359 1068 4496 &blm

200 4507 203 4516 ⁴
302 4497 334 4565 Si
358 4501 427 4584 quis
449 4503 553 4565 numm
576 4500 648 4565 huic
670 4499 786 4564 Nostra
826 4498 865 4563 do
888 4498 999 4566 ultioni
1013 4501 1231 4583 contradicere,
1255 4501 1336 4608 quod
1348 4499 1435 4565 Deus

196 4603 329 4684 aramei,
352 4604 614 4688 praesumpserit,
635 4600 805 4669 anathema
826 4601 876 4665 sit
