3186 4942
392 271 508 338 concas.
533 273 679 340 Vaticani
697 295 766 339 scas.
789 283 850 340 111:
890 283 937 344 Dc
953 283 1012 354 tide
1030 278 1193 342 catholica.

260 325 308 407 iv

300 457 374 543 quod
396 454 533 540 ejusdem
549 457 768 532 sacrosanctae
793 457 908 544 Synodi
931 458 1012 543 apud
1035 459 1204 543 permultos
1225 458 1275 526 vel
1297 459 1405 526 aucto·

9 551 74 744 bg
240 535 455 692 Jontempts,
479 561 529 628 uel
552 561 781 644 sapientissima
803 563 946 648 neglecta
967 563 1052 628 fuere
1074 563 1208 630 decreta.

29 679 70 742 'st

16 732 64 843 i.)
269 771 369 838 Nemo
390 770 472 836 euim
494 769 639 853 ignorat,
675 771 825 851 haereses,
850 790 926 855 quas
948 771 1123 837 Tridentini
1140 771 1251 836 Patres
1272 771 1406 855 proscri-

24 870 35 921 t
186 877 304 957 serunt,
323 874 407 953 dum,
429 873 543 959 rejecto
567 873 669 940 diuino
692 873 848 966 Ecclesiae
870 875 1068 960 magisterio,
1092 894 1141 941 res
1164 875 1203 941 sd
1225 875 1407 961 religionem

167 981 342 1065 spectantes
363 977 477 1063 privati
499 978 634 1062 quusvis
652 977 770 1062 judicio
792 981 1057 1063 permitterentur,
1079 981 1113 1045 in
1128 981 1228 1046 sectas
1242 981 1407 1065 paullatim

167 1085 335 1152 dissolutas
358 1101 423 1150 osse
445 1083 643 1167 multiphoes,
666 1083 777 1167 quibus
800 1085 881 1150 inter
903 1104 935 1150 sa
959 1085 1214 1151 dissentientibus
1237 1087 1269 1150 et
1284 1103 1408 1151 conaer-

167 1188 317 1270 tantibus,
341 1191 440 1255 omnis
462 1188 588 1254 mntem
611 1189 643 1253 in
666 1189 825 1256 Christum
848 1189 925 1254 fides
948 1188 1029 1272 apud
1052 1209 1112 1254 uon
1134 1209 1248 1273 paucos
1270 1190 1407 1255 labefac-

167 1295 236 1360 aaa
258 1295 316 1360 est.
361 1295 472 1378 ltaque
493 1295 562 1378 ipss
583 1311 670 1360 sacra
692 1295 806 1374 Birta,
829 1312 908 1377 quae
930 1297 1022 1358 lutea
1044 1292 1231 1360 christianae
1251 1295 1408 1362 doctrinas

167 1399 278 1466 unicus
299 1399 367 1465 loos
390 1400 422 1464 et
440 1398 536 1483 judex
558 1399 783 1477 asserebantur,
803 1400 870 1482 jam
893 1417 953 1463 uon
976 1416 1030 1481 pro
1053 1399 1165 1464 divinis
1188 1399 1313 1479 haberi,
1345 1401 1408 1464 imo

46 1547 50 1557 ·
167 1505 313 1589 mythicis
335 1503 519 1571 commentis
541 1503 696 1570 accenseri
719 1502 894 1587 coeperunt.

273 1923 354 1989 Tum
375 1923 451 1988 ueta
472 1923 521 1988 cst
541 1924 574 1989 et
595 1922 658 1988 late
680 1921 774 1988 nimis
796 1939 850 2004 per
872 1920 976 1986 orbem
998 1918 1113 2004 regate
1134 1917 1190 1985 illa
1202 1917 1408 1986 rationalismi

167 2047 222 2095 seu
237 2025 433 2094 naturalismi
455 2027 603 2108 doctrina,
627 2045 707 2111 quae
727 2025 873 2109 religioni
887 2025 1077 2090 christianae
1092 2025 1200 2108 utpote
1222 2026 1408 2109 supernatu-

168 2131 229 2198 rali
249 2131 395 2198 instituto
418 2150 472 2215 per
494 2131 598 2196 omnia
619 2131 795 2218 adversans,
818 2148 937 2195 summo
960 2128 1063 2195 studio
1086 2129 1229 2210 molitur,
1253 2131 1290 2196 ut
1313 2128 1406 2194 Chri·
1520 2205 1523 2210 ,
1582 2119 1583 2160 ³

169 2237 229 2317 sto,
249 2237 302 2322 qui
324 2236 407 2303 solus
429 2235 580 2301 Dominus
601 2237 633 2301 et
655 2234 798 2300 Salvator
817 2235 921 2300 noster
944 2235 1009 2314 est,
1032 2253 1051 2298 a
1072 2234 1228 2300 mentibus
1251 2233 1406 2312 humanis,

168 2341 276 2408 avita
297 2342 329 2406 at
351 2339 487 2407 moribus
516 2340 698 2424 populorum
721 2340 859 2420 excluso,
893 2358 996 2405 merae
1024 2337 1104 2424 quod
1133 2340 1246 2404 vocant
1276 2337 1407 2404 rationis

169 2445 219 2512 sel
241 2445 369 2512 naturae
390 2463 521 2530 rognum
543 2445 732 2512 stabiliatur.
765 2444 888 2511 Relicta
903 2446 1007 2510 autem
1024 2445 1221 2528 projectaque
1237 2443 1409 2509 christiana

169 2549 328 2634 religione,
350 2551 464 2635 negato
486 2569 558 2618 varo
573 2549 638 2614 Deo
661 2551 692 2614 et
706 2547 829 2614 Christo
851 2548 927 2632 ejus,
950 2549 1093 2633 prolapsa
1114 2548 1240 2613 mntem
1262 2549 1310 2612 est
1327 2547 1408 2612 mul-

169 2655 271 2718 torum
294 2672 381 2718 meus
401 2654 434 2718 in
457 2653 666 2738 pantheismi,
701 2652 938 2733 materialismi,
967 2651 1113 2718 atheismi
1133 2652 1339 2731 barathrum,
1372 2653 1409 2715 ut

165 2757 232 2841 Janr
253 2758 352 2840 ipsam
374 2757 557 2824 rationalem
587 2758 752 2838 naturam,
786 2776 968 2842 omnemque
994 2754 1074 2842 justi
1101 2755 1239 2840 rectique
1269 2773 1407 2821 normam

169 2864 326 2948 negantes,
350 2863 415 2928 ima
435 2863 589 2928 humanae
612 2861 771 2928 societatis
792 2861 995 2928 fundamenta
1015 2861 1135 2928 dimere
1158 2859 1364 2928 concitantur.

272 3379 340 3462 Hac
360 3397 450 3463 porro
472 3379 633 3464 impietate
654 3379 894 3464 circumquaque
917 3381 1094 3466 grassante,
1118 3381 1286 3447 infeliciter
1307 3375 1407 3446 conti-

168 3483 226 3569 git,
250 3484 286 3548 ut
307 3484 412 3567 plures
434 3482 529 3569 etiam
552 3483 761 3550 acatholicae
784 3485 939 3550 lloclesiaa
961 3483 1034 3552 filiis
1057 3504 1076 3550 a
1097 3485 1149 3550 ria
1169 3502 1259 3551 verae
1281 3481 1407 3568 pietatis

170 3589 358 3668 aberrarent,
381 3587 414 3652 iu
436 3587 554 3672 iisque,
577 3587 740 3654 diminutis
762 3588 928 3672 paullatim
950 3589 1143 3670 veritatibus,
1167 3606 1275 3654 sensus
1297 3587 1406 3654 cetho·
1460 3577 1468 3592 “
1582 3581 1583 3614 ¹

169 3690 249 3757 licus
272 3693 498 3758 attenuaretur.
545 3691 648 3758 Variis
671 3694 752 3759 euim
775 3713 811 3760 ac
833 3693 1002 3778 peregrinis
1025 3692 1174 3757 doctrinis
1190 3690 1329 3771 abducti,
1352 3709 1407 3754 ua-

168 3795 272 3860 turam
295 3797 326 3861 et
349 3795 502 3882 gratim,
536 3795 701 3864 scientiam
723 3796 893 3863 humanam
916 3799 948 3863 et
970 3795 1065 3862 fidem
1087 3794 1224 3860 diuinam
1246 3811 1407 3878 perperam

169 3900 425 3980 commiscentes,
462 3901 632 3985 genuinum
654 3921 777 3968 sermm
801 3903 1004 3988 dogmatum,
1038 3919 1129 3983 quem
1152 3900 1238 3966 tenet
1259 3917 1296 3963 aa
1318 3898 1408 3963 docet

168 4001 283 4073 Sancta
305 4005 406 4071 Mater
427 4005 587 4088 Ecclesia,
621 4007 809 4092 depravare,
841 4007 1118 4092 integritatemque
1141 4006 1172 4070 et
1194 4004 1406 4070 sinceritatem

167 4107 240 4174 fidei
263 4110 295 4174 iu
316 4109 487 4193 periculum
511 4110 661 4177 adducere
683 4113 922 4196 comperiuntur.

270 4527 388 4610 Quibus
411 4527 552 4593 omnibus
574 4528 762 4611 perspectis,
795 4524 862 4594 fieri
885 4528 937 4612 qui
959 4529 1081 4613 potest,
1113 4529 1150 4593 ut
1178 4543 1239 4591 uon
1272 4543 1421 4624 commo-⁵

48 4701 53 4703 ,
166 4635 298 4700 reantur
328 4631 441 4698 intima
474 4631 612 4697 Ecclesia
642 4631 782 4698 viscera?
826 4632 1093 4714 Quemadmodum
1124 4630 1205 4696 oiim
1227 4631 1314 4698 Deus
1336 4629 1404 4698 rura
