3202 4934
282 293 302 356 ⁴
438 309 641 378 macedones
660 296 688 365 et
707 323 857 380 responsu
875 291 913 363 dc
927 307 1026 376 proxi
1044 321 1066 360 e.
1087 301 1259 360 Paeniteat.
1279 301 1367 358 Rom.

282 489 438 566 ternpore,
475 503 534 568 qao
563 483 628 565 ipsi
661 484 857 565 scripserunt
880 479 1018 548 medam
1040 477 1213 562 supplicem
1244 478 1287 544 od
1315 477 1422 560 ipsam
1443 475 1529 558 Epi·

282 605 409 670 ecopam
430 592 460 653 et
481 585 695 655 carbilae-emt.
707 585 888 670 Eplcomo?
916 585 970 652 An
992 582 1031 651 ab
1052 603 1086 650 ee
1108 587 1253 664 tempore,
1283 601 1343 663 que
1366 585 1530 648 ameum·
1572 634 1573 672 ,

284 691 323 759 ub
345 689 520 774 Episcopo,
550 694 586 755 ut
607 711 627 755 a
648 689 774 757 corcoli
796 689 975 756 concremate
997 687 1142 769 deinceps
1164 683 1354 765 motmunt,
1388 704 1526 768 sopora-

284 795 366 861 duae
386 791 534 860 induto?
563 811 606 858 aa
635 791 674 859 ob
706 813 740 859 eo
762 798 897 876 lenepom
917 813 977 876 qao
1001 789 1181 874 Episcepas
1203 807 1311 856 coeam
1333 789 1458 855 mesine
1481 787 1526 854 o·-

285 897 397 971 Mareu
433 897 607 988 supplicem
643 897 778 986 minaces
818 897 861 964 od
899 895 932 964 S.
961 893 1088 964 Peneo
1129 893 1296 964 melete
1327 899 1356 960 ct
1389 891 1528 960 Rmaem
1572 969 1573 978 χ

390 1105 496 1172 R.:A
527 1109 686 1190 tempore,
723 1124 783 1190 quo
805 1104 977 1172 oratoribus
1004 1105 1043 1171 ab
1067 1106 1226 1171 executore
1248 1103 1423 1170 Literarum
1443 1103 1531 1186 Apo-

287 1207 466 1276 stolicorum
486 1209 605 1276 indicta
638 1213 686 1275 est
708 1208 861 1294 separatio
883 1211 915 1274 in
937 1207 1047 1276 iisdem
1070 1207 1171 1274 literis
1194 1208 1399 1292 praescripta,
1435 1208 1526 1290 prout

286 1301 376 1382 docet
399 1313 537 1398 Pyrrhus
559 1311 710 1382 Corradus
734 1315 766 1378 in
789 1314 880 1380 Praxi
903 1313 989 1397 Disp.
1013 1312 1260 1397 apostolicarum
1280 1311 1302 1378 l.
1319 1310 1415 1392 vill,
1439 1329 1465 1377 e.
1484 1313 1527 1384 5..
1573 1395 1574 1398 Ἴ

287 1439 316 1486 n.
340 1418 391 1484 37.
437 1417 482 1482 llr
504 1435 564 1500 quo
587 1417 677 1484 tacite
700 1415 811 1483 deduci
833 1418 952 1502 potest,
985 1416 1181 1483 iterationem
1208 1417 1345 1484 lucemus
1373 1435 1432 1481 uon
1455 1415 1529 1478 irri-
1573 1423 1574 1504 l

286 1527 356 1588 ture
376 1521 619 1606 dispensationes
642 1521 703 1587 alia
725 1521 825 1586 torma
847 1539 901 1586 seu
924 1521 956 1586 in
978 1521 1079 1586 forma
1100 1539 1159 1587 uon
1174 1539 1343 1605 pauperum
1359 1517 1530 1602 expeditas,
1573 1509 1574 1550 ³

287 1626 345 1691 hoc
367 1626 436 1690 aa:
458 1624 490 1688 in
512 1624 624 1708 quibus
647 1623 819 1691 nonadest
838 1625 1018 1690 mandatnm
1037 1623 1247 1710 apostolicum
1272 1623 1309 1689 de
1324 1620 1530 1706 separatione.

288 1727 357 1794 Scio
387 1726 528 1811 equidem
559 1729 615 1794 boc
644 1727 678 1794 iu
700 1727 835 1793 ‘dubium
866 1728 905 1794 ab
935 1727 1089 1814 aliquibus
1119 1729 1256 1794 mrocari
1286 1729 1319 1793 at
1340 1744 1399 1792 non
1422 1723 1531 1790 demae

255 1877 258 1882 -
289 1832 489 1908 ordinarios,
512 1831 619 1914 quiin
643 1831 763 1897 casibus
785 1831 960 1898 iterationis
982 1832 1128 1913 incestus,
1151 1831 1247 1898 etiarn
1271 1832 1303 1900 iu
1326 1828 1531 1914 dispensatio·
1574 1856 1575 1892 r

289 1936 380 2003 uibus
402 1952 462 2000 uon
484 1935 516 1999 iu
538 1935 637 2000 torma
660 1953 838 2020 pauperum,
861 1937 972 2020 petunt
987 1937 1188 2016 sanationem,
1211 1934 1405 2020 quodetiam
1421 1933 1532 2017 peten-

288 2040 374 2108 tibus
396 2037 522 2106 ooneedi
544 2039 637 2116 solet;
662 2057 768 2104 nerum
790 2041 866 2122 puto
888 2039 920 2104 id
942 2039 1009 2106 fieri
1032 2039 1071 2106 ad
1085 2039 1319 2118 abundantiam,
1342 2055 1402 2102 non
1423 2039 1530 2103 autem

290 2163 327 2211 ex
348 2144 545 2211 necessitate.
590 2141 707 2227 Agitur
728 2143 810 2208 enirn
842 2142 880 2209 de
902 2143 1047 2210 nullitate
1069 2146 1180 2222 actus,
1214 2161 1292 2228 quae
1321 2142 1454 2208 niaxime
1484 2143 1529 2206 est

290 2249 395 2315 odiosa
418 2265 455 2314 ec
478 2245 603 2330 proinde
621 2247 749 2332 ‚omniuo
772 2247 996 2333 restringenda.
1042 2247 1224 2315 ordinarius
1246 2263 1338 2326 vere,
1360 2246 1414 2330 qui
1437 2243 1528 2328 pollet

291 2352 440 2418 laculmte
453 2349 634 2434 Apostolos
649 2349 778 2416 sanandi
800 2349 1044 2434 dispensationes
1064 2369 1157 2434 super
1177 2350 1297 2418 incestu
1320 2349 1456 2414 admmso
1479 2365 1526 2412 seu

291 2455 404 2522 iterato
426 2454 517 2520 facile
541 2453 655 2538 poterit
677 2453 780 2519 omnia
803 2455 899 2520 dubia
931 2456 964 2521 et
992 2455 1151 2538 scrupulos
1178 2471 1283 2520 omnes
1305 2452 1364 2519 hae
1386 2471 1477 2536 super
1501 2469 1530 2514 re

292 2561 452 2630 climinare
475 2559 590 2626 amuda
610 2558 679 2644 ipsa
701 2557 860 2624 facultate.
880 2595 917 2606 -
936 2559 1068 2626 Densum
1092 2577 1147 2642 pro
1168 2578 1202 2625 re
1224 2557 1399 2624 certissima
1418 2557 1532 2620 tenen-

292 2663 435 2743 domest,
459 2663 598 2746 copulam
623 2663 791 2728 admissam
818 2681 871 2727 seu
897 2662 1053 2741 iteratam,
1077 2665 1238 2747 postquam
1255 2660 1437 2744 aDelcgato
1450 2659 1536 2741 Apo-

292 2768 400 2833 stolico
423 2767 593 2833 armatiani
617 2765 762 2832 mandata
784 2767 879 2832 tuerit
901 2766 1107 2850 dispensatio,
1140 2785 1199 2832 non
1222 2765 1345 2830 irritare
1365 2763 1462 2848 ipsum
1487 2762 1537 2826 di·

294 2870 537 2956 emanationem,
556 2871 647 2952 prout
669 2870 784 2954 pluries
806 2888 984 2952 responsum
1008 2870 1068 2936 init
1090 2890 1108 2935 a
1129 2870 1161 2936 S.
1185 2867 1436 2936 Poeuitentiaria.
1473 2865 1539 2929 Per

295 2972 555 3058 dispensationem
578 2972 693 3037 etenim
718 2975 860 3038 causetur
890 2971 1013 3038 sublata
1037 2971 1288 3058 consanguinitas
1310 2989 1364 3036 ssu
1387 2967 1539 3046 affinitas,

295 3076 372 3144 adeo
393 3076 429 3141 ut
451 3075 626 3159 hujusmodi
660 3076 769 3158 copula
798 3075 932 3160 repetita
961 3095 1016 3160 pro
1045 3077 1219 3143 incestuosa
1241 3073 1375 3159 amplius
1395 3090 1456 3138 non
1478 3072 1541 3138 ha-

294 3181 414 3248 beatur.
461 3181 502 3247 ut
523 3181 555 3246 in
576 3181 634 3247 hoc
656 3199 729 3248 casu
752 3181 831 3247 nihil
853 3182 938 3250 aliud
961 3185 1101 3250 remanet
1124 3183 1200 3261 uisi,
1231 3183 1268 3249 ut
1289 3181 1334 3247 sic
1357 3179 1541 3264 Dispensati

295 3304 349 3372 per
370 3285 625 3354 moramentalem
648 3285 868 3352 confessionem
890 3305 923 3352 se
939 3285 1004 3354 Deo
1027 3287 1234 3355 reconcilient.
1372 3299 1375 3306 ·

398 3390 545 3473 Qaueatm
569 3389 638 3456 ΙΙΙ.
684 3388 844 3472 Poupcres
866 3398 894 3456 et
915 3391 1118 3470 maenus,
1142 3391 1197 3456 obi
1218 3393 1324 3475 optus·
1345 3391 1383 3458 de
1396 3388 1541 3472 Dispen-

295 3497 415 3561 sabone
443 3497 478 3559 ic
504 3495 611 3575 forino
631 3513 814 3576 pauperum
843 3515 911 3562 cum
940 3515 1036 3563 conso
1066 3497 1101 3561 ia
1127 3497 1254 3564 bouem
1276 3497 1406 3579 quinem
1427 3495 1544 3560 occari

295 3597 444 3680 pause?
467 3617 510 3662 oa
538 3598 633 3664 fferre
661 3597 685 3662 ii
707 3598 762 3680 qni
782 3597 908 3664 demum
930 3600 1082 3666 madeant
1103 3621 1173 3666 orem
1195 3600 1356 3668 amandu
1377 3599 1467 3683 opens
1493 3599 1544 3663 ecl

250 3727 256 3736 ·
293 3700 400 3784 molta
426 3700 605 3782 possident:
642 3705 776 3768 ollem
804 3701 986 3786 planandam
1011 3723 1085 3776 erere
1119 3703 1222 3770 olicae
1254 3705 1381 3787 pocati
1410 3703 1545 3767 necubi
1575 3731 1576 3746 π

296 3803 426 3871 eandm
445 3805 597 3886 meatque
619 3801 725 3870 loborc
742 3823 892 3872 manum
912 3807 1027 3873 emerem
1048 3808 1109 3874 sibi
1131 3829 1265 3891 neceque
1284 3808 1430 3890 scandice
1453 3825 1543 3874 eone-

293 3927 415 3994 porarc
431 3908 591 3990 poscam

247 4041 250 4052 ·
399 4011 454 4078 u.:
478 4011 557 4077 Vere
579 4029 729 4095 pauperes
752 4033 810 4080 uon
834 4017 940 4096 utique
963 4017 1016 4082 alii
1041 4017 1254 4094 aestimantur,
1279 4035 1371 4100 quarn
1391 4016 1444 4098 qui
1462 4015 1547 4080 ader»

270 4110 272 4114 ’
297 4116 488 4184 miserabiles
510 4119 599 4194 suut,
624 4117 658 4182 ut
681 4116 784 4182 labore
807 4137 954 4186 manuum
979 4121 1010 4186 et
1029 4120 1182 4186 industria
1204 4121 1318 4188 vivant.
1363 4119 1444 4201 Quia
1469 4139 1547 4184 vere

296 4217 345 4282 illi
367 4219 461 4286 etiam
483 4221 530 4286 ita
551 4237 700 4305 pauperes
722 4220 783 4286 dici
799 4221 911 4288 merito
926 4225 1064 4307 possunt,
1088 4223 1255 4308 quietique
1273 4223 1430 4308 possident
1444 4223 1546 4302 bona,

297 4319 370 4386 binc
393 4341 453 4387 non
482 4321 653 4409 denegatur
680 4343 698 4388 a
721 4322 799 4391 Sede
822 4326 999 4412 Apostoliea
1022 4327 1218 4411 Dispensatio
1248 4328 1280 4393 iu
1303 4329 1401 4394 torum
1421 4343 1549 4411 paupe·

297 4441 377 4506 rum,
401 4424 524 4489 etamsi
547 4428 684 4494 emtores
706 4428 785 4494 bona
808 4429 840 4493 iu
862 4429 991 4512 capitali
1012 4431 1190 4516 possideant
1212 4431 1325 4498 valoris
1347 4430 1549 4496 mutatorum

252 4561 255 4568 ·
298 4523 362 4594 300
384 4527 525 4593 monetae
548 4529 713 4609 Romanae,
736 4532 763 4597 si
787 4532 865 4598 eitra
887 4535 1008 4601 montes
1031 4535 1156 4620 degant,
1184 4535 1231 4600 uel
1255 4536 1281 4600 si
1302 4535 1386 4601 ulma
1408 4539 1551 4604 montes.

299 4631 618 4702 suessonensium
642 4635 710 4701 auri
739 4635 776 4703 de
808 4655 931 4705 camera
953 4641 1017 4706 300
1040 4659 1093 4706 seu
1116 4643 1306 4707 scutatorum
1330 4639 1453 4706 circiter
1479 4643 1551 4704 530
