<?xml version="1.0" encoding="UTF-8"?>
<!DOCTYPE html PUBLIC "-//W3C//DTD XHTML 1.0 Transitional//EN"
    "http://www.w3.org/TR/xhtml1/DTD/xhtml1-transitional.dtd">
<html xmlns="http://www.w3.org/1999/xhtml" xml:lang="en" lang="en">
 <head>
  <title>
</title>
<meta http-equiv="Content-Type" content="text/html;charset=utf-8" />
  <meta name='ocr-system' content='tesseract 3.04.00' />
  <meta name='ocr-capabilities' content='ocr_page ocr_carea ocr_par ocr_line ocrx_word'/>
</head>
<body>
  <div class='ocr_page' id='page_1' title='image "./archivfrkatholi10jurigoog/archivfrkatholi10jurigoog_0034.png"; bbox 0 0 3186 4942; ppageno 0'>
   <div class='ocr_carea' id='block_1_1' title="bbox 235 193 1256 282">
    <p class='ocr_par' dir='ltr' id='par_1_1' title="bbox 235 193 1256 282">
     <span class='ocr_line' id='line_1_1' title="bbox 235 193 1256 282; baseline 0.009 -23"><span class='ocrx_word' id='word_1_1' title='bbox 235 193 341 261; x_wconf 84' lang='lat' dir='ltr'>XXVI</span> <span class='ocrx_word' id='word_1_2' title='bbox 461 213 576 272; x_wconf 72' lang='lat' dir='ltr'><strong>Cuncti</strong></span> <span class='ocrx_word' id='word_1_3' title='bbox 604 213 748 270; x_wconf 77' lang='lat' dir='ltr'><strong>Vaticani</strong></span> <span class='ocrx_word' id='word_1_4' title='bbox 765 229 834 270; x_wconf 81' lang='lat' dir='ltr'><strong>acca.</strong></span> <span class='ocrx_word' id='word_1_5' title='bbox 853 214 915 269; x_wconf 87' lang='lat' dir='ltr'><strong>lli:</strong></span> <span class='ocrx_word' id='word_1_6' title='bbox 954 215 998 269; x_wconf 85' lang='lat' dir='ltr'><strong>lle</strong></span> <span class='ocrx_word' id='word_1_7' title='bbox 1015 213 1074 282; x_wconf 76' lang='lat' dir='ltr'><strong>Me</strong></span> <span class='ocrx_word' id='word_1_8' title='bbox 1093 213 1256 270; x_wconf 85' lang='lat' dir='ltr'><strong>cutlauticu.</strong></span> 
     </span>
    </p>
   </div>
   <div class='ocr_carea' id='block_1_2' title="bbox 259 752 1446 986">
    <p class='ocr_par' dir='ltr' id='par_1_2' title="bbox 259 752 1446 986">
     <span class='ocr_line' id='line_1_2' title="bbox 259 752 1446 858; baseline 0.003 -24"><span class='ocrx_word' id='word_1_9' title='bbox 259 752 307 835; x_wconf 93' lang='grc' dir='ltr'><strong>ΙΙΙ.</strong></span> <span class='ocrx_word' id='word_1_10' title='bbox 360 753 420 837; x_wconf 88' lang='lat' dir='ltr'><strong>iiia</strong></span> <span class='ocrx_word' id='word_1_11' title='bbox 448 753 683 858; x_wconf 81' lang='lat' dir='ltr'><strong>liauptatatlen</strong></span> <span class='ocrx_word' id='word_1_12' title='bbox 711 755 775 838; x_wconf 81' lang='lat' dir='ltr'><strong>iac</strong></span> <span class='ocrx_word' id='word_1_13' title='bbox 803 758 922 837; x_wconf 88' lang='lat' dir='ltr'><strong>ersten</strong></span> <span class='ocrx_word' id='word_1_14' title='bbox 950 754 1124 848; x_wconf 74' lang='lat' dir='ltr'><strong>Entwurls</strong></span> <span class='ocrx_word' id='word_1_15' title='bbox 1151 757 1214 840; x_wconf 83' lang='lat' dir='ltr'><strong>icc</strong></span> <span class='ocrx_word' id='word_1_16' title='bbox 1240 756 1446 854; x_wconf 71' lang='lat' dir='ltr'><strong>connilutlo</strong></span> 
     </span>
     <span class='ocr_line' id='line_1_3' title="bbox 519 876 1136 986; baseline 0.005 -29"><span class='ocrx_word' id='word_1_17' title='bbox 519 975 521 986; x_wconf 13' lang='grc' dir='ltr'>ὗ</span> <span class='ocrx_word' id='word_1_18' title='bbox 564 877 762 978; x_wconf 84' lang='lat' dir='ltr'><strong>iopmatica</strong></span> <span class='ocrx_word' id='word_1_19' title='bbox 788 877 832 959; x_wconf 84' lang='lat' dir='ltr'><strong>lic</strong></span> <span class='ocrx_word' id='word_1_20' title='bbox 858 876 927 959; x_wconf 86' lang='lat' dir='ltr'><strong>rite</strong></span> <span class='ocrx_word' id='word_1_21' title='bbox 952 877 1136 960; x_wconf 78' lang='lat' dir='ltr'><strong>catholica</strong></span> 
     </span>
    </p>
   </div>
   <div class='ocr_carea' id='block_1_3' title="bbox 232 1065 1471 1472">
    <p class='ocr_par' dir='ltr' id='par_1_3' title="bbox 232 1065 1471 1472">
     <span class='ocr_line' id='line_1_4' title="bbox 335 1065 1470 1135; baseline 0.004 -16"><span class='ocrx_word' id='word_1_22' title='bbox 335 1067 386 1120; x_wconf 88' lang='lat' dir='ltr'><strong>ilas</strong></span> <span class='ocrx_word' id='word_1_23' title='bbox 411 1065 592 1123; x_wconf 82' lang='lat' dir='ltr'><strong>Praemium</strong></span> <span class='ocrx_word' id='word_1_24' title='bbox 620 1067 789 1124; x_wconf 75' lang='lat' dir='ltr'><strong>Sciemotio</strong></span> <span class='ocrx_word' id='word_1_25' title='bbox 813 1069 850 1125; x_wconf 83' lang='lat' dir='ltr'><strong>de</strong></span> <span class='ocrx_word' id='word_1_26' title='bbox 876 1069 952 1124; x_wconf 80' lang='lat' dir='ltr'><strong>Fide</strong></span> <span class='ocrx_word' id='word_1_27' title='bbox 977 1067 1132 1125; x_wconf 76' lang='lat' dir='ltr'><strong>catholica</strong></span> <span class='ocrx_word' id='word_1_28' title='bbox 1154 1070 1261 1124; x_wconf 85' lang='lat' dir='ltr'><strong>tireltten</strong></span> <span class='ocrx_word' id='word_1_29' title='bbox 1282 1071 1329 1124; x_wconf 85' lang='lat' dir='ltr'><strong>wir</strong></span> <span class='ocrx_word' id='word_1_30' title='bbox 1353 1069 1470 1135; x_wconf 76' lang='lat' dir='ltr'><strong>auglelclr</strong></span> 
     </span>
     <span class='ocr_line' id='line_1_5' title="bbox 233 1153 1470 1224; baseline 0.002 -18"><span class='ocrx_word' id='word_1_31' title='bbox 233 1153 279 1206; x_wconf 90' lang='lat' dir='ltr'><strong>mit</strong></span> <span class='ocrx_word' id='word_1_32' title='bbox 296 1153 343 1206; x_wconf 81' lang='lat' dir='ltr'><strong>der</strong></span> <span class='ocrx_word' id='word_1_33' title='bbox 360 1155 385 1207; x_wconf 91' lang='lat' dir='ltr'><strong>ln</strong></span> <span class='ocrx_word' id='word_1_34' title='bbox 404 1155 481 1219; x_wconf 71' lang='lat' dir='ltr'><strong>latre</strong></span> <span class='ocrx_word' id='word_1_35' title='bbox 499 1158 573 1210; x_wconf 89' lang='lat' dir='ltr'><strong>einer</strong></span> <span class='ocrx_word' id='word_1_36' title='bbox 591 1157 659 1211; x_wconf 80' lang='lat' dir='ltr'><strong>liele</strong></span> <span class='ocrx_word' id='word_1_37' title='bbox 678 1159 723 1210; x_wconf 85' lang='lat' dir='ltr'><strong>oea</strong></span> <span class='ocrx_word' id='word_1_38' title='bbox 742 1156 860 1211; x_wconf 81' lang='lat' dir='ltr'><strong>Eiscnols</strong></span> <span class='ocrx_word' id='word_1_39' title='bbox 878 1154 1092 1224; x_wconf 81' lang='lat' dir='ltr'><strong>Stroaamopcr</strong></span> <span class='ocrx_word' id='word_1_40' title='bbox 1111 1159 1201 1220; x_wconf 86' lang='lat' dir='ltr'><strong>sptter</strong></span> <span class='ocrx_word' id='word_1_41' title='bbox 1218 1157 1393 1210; x_wconf 78' lang='lat' dir='ltr'><strong>uertnterten</strong></span> <span class='ocrx_word' id='word_1_42' title='bbox 1411 1157 1470 1209; x_wconf 81' lang='lat' dir='ltr'><strong>Eas·</strong></span> 
     </span>
     <span class='ocr_line' id='line_1_6' title="bbox 232 1239 1470 1308; baseline 0.002 -16"><span class='ocrx_word' id='word_1_43' title='bbox 232 1239 413 1304; x_wconf 67' lang='lat' dir='ltr'><strong>suaaiereits</strong></span> <span class='ocrx_word' id='word_1_44' title='bbox 431 1241 464 1294; x_wconf 92' lang='lat' dir='ltr'><strong>lm</strong></span> <span class='ocrx_word' id='word_1_45' title='bbox 483 1240 597 1298; x_wconf 79' lang='lat' dir='ltr'><strong>Archiv</strong></span> <span class='ocrx_word' id='word_1_46' title='bbox 617 1244 703 1308; x_wconf 89' lang='lat' dir='ltr'><strong>lliilll,</strong></span> <span class='ocrx_word' id='word_1_47' title='bbox 728 1243 779 1298; x_wconf 80' lang='lat' dir='ltr'><strong>tilii</strong></span> <span class='ocrx_word' id='word_1_48' title='bbox 798 1244 824 1296; x_wconf 77' lang='lat' dir='ltr'><strong>l.</strong></span> <span class='ocrx_word' id='word_1_49' title='bbox 844 1245 897 1297; x_wconf 88' lang='lat' dir='ltr'><strong>mli.</strong></span> <span class='ocrx_word' id='word_1_50' title='bbox 935 1243 995 1297; x_wconf 87' lang='lat' dir='ltr'><strong>liter</strong></span> <span class='ocrx_word' id='word_1_51' title='bbox 1013 1247 1103 1308; x_wconf 70' lang='lat' dir='ltr'><strong>tragon</strong></span> <span class='ocrx_word' id='word_1_52' title='bbox 1123 1243 1171 1296; x_wconf 84' lang='lat' dir='ltr'><strong>wir</strong></span> <span class='ocrx_word' id='word_1_53' title='bbox 1191 1245 1255 1298; x_wconf 82' lang='lat' dir='ltr'><strong>nocta</strong></span> <span class='ocrx_word' id='word_1_54' title='bbox 1275 1244 1387 1296; x_wconf 79' lang='lat' dir='ltr'><strong>auster</strong></span> <span class='ocrx_word' id='word_1_55' title='bbox 1406 1245 1470 1306; x_wconf 73' lang='lat' dir='ltr'><strong>tlte.</strong></span> 
     </span>
     <span class='ocr_line' id='line_1_7' title="bbox 232 1327 1471 1396; baseline 0.003 -16"><span class='ocrx_word' id='word_1_56' title='bbox 232 1327 289 1392; x_wconf 71' lang='lat' dir='ltr'><strong>zia.</strong></span> <span class='ocrx_word' id='word_1_57' title='bbox 309 1327 393 1393; x_wconf 78' lang='lat' dir='ltr'><strong>ltltl,</strong></span> <span class='ocrx_word' id='word_1_58' title='bbox 413 1329 455 1382; x_wconf 88' lang='lat' dir='ltr'><strong>ltr.</strong></span> <span class='ocrx_word' id='word_1_59' title='bbox 474 1331 516 1382; x_wconf 80' lang='lat' dir='ltr'><strong>tt.</strong></span> <span class='ocrx_word' id='word_1_60' title='bbox 543 1329 584 1382; x_wconf 84' lang='lat' dir='ltr'><strong>alle</strong></span> <span class='ocrx_word' id='word_1_61' title='bbox 604 1330 781 1395; x_wconf 86' lang='lat' dir='ltr'><strong>iiauptatellen</strong></span> <span class='ocrx_word' id='word_1_62' title='bbox 806 1343 854 1384; x_wconf 89' lang='lat' dir='ltr'><strong>aus</strong></span> <span class='ocrx_word' id='word_1_63' title='bbox 872 1333 952 1396; x_wconf 81' lang='lat' dir='ltr'><strong>capp.</strong></span> <span class='ocrx_word' id='word_1_64' title='bbox 971 1333 1046 1384; x_wconf 86' lang='lat' dir='ltr'><strong>2-t.</strong></span> <span class='ocrx_word' id='word_1_65' title='bbox 1071 1331 1123 1385; x_wconf 81' lang='lat' dir='ltr'><strong>uni</strong></span> <span class='ocrx_word' id='word_1_66' title='bbox 1147 1332 1188 1384; x_wconf 82' lang='lat' dir='ltr'><strong>tie</strong></span> <span class='ocrx_word' id='word_1_67' title='bbox 1206 1331 1326 1384; x_wconf 80' lang='lat' dir='ltr'><strong>caumes</strong></span> <span class='ocrx_word' id='word_1_68' title='bbox 1344 1329 1370 1383; x_wconf 91' lang='lat' dir='ltr'><strong>ln</strong></span> <span class='ocrx_word' id='word_1_69' title='bbox 1388 1331 1471 1384; x_wconf 78' lang='lat' dir='ltr'><strong>liorem</strong></span> 
     </span>
     <span class='ocr_line' id='line_1_8' title="bbox 232 1415 573 1472; baseline 0.009 -6"><span class='ocrx_word' id='word_1_70' title='bbox 232 1418 321 1468; x_wconf 86' lang='lat' dir='ltr'><strong>ersten</strong></span> <span class='ocrx_word' id='word_1_71' title='bbox 339 1415 473 1470; x_wconf 84' lang='lat' dir='ltr'><strong>Entwurle</strong></span> <span class='ocrx_word' id='word_1_72' title='bbox 491 1415 573 1472; x_wconf 82' lang='lat' dir='ltr'><strong>nacla:</strong></span> 
     </span>
    </p>
   </div>
   <div class='ocr_carea' id='block_1_4' title="bbox 633 1589 1074 1672">
    <p class='ocr_par' dir='ltr' id='par_1_4' title="bbox 633 1589 1074 1672">
     <span class='ocr_line' id='line_1_9' title="bbox 633 1589 1074 1672; baseline -0.005 -27"><span class='ocrx_word' id='word_1_73' title='bbox 633 1589 704 1658; x_wconf 73' lang='lat' dir='ltr'><strong>Cup.</strong></span> <span class='ocrx_word' id='word_1_74' title='bbox 724 1591 763 1672; x_wconf 68' lang='lat' dir='ltr'><strong>ll.</strong></span> <span class='ocrx_word' id='word_1_75' title='bbox 802 1591 845 1645; x_wconf 74' lang='lat' dir='ltr'><strong>Dr</strong></span> <span class='ocrx_word' id='word_1_76' title='bbox 868 1592 1074 1646; x_wconf 63' lang='lat' dir='ltr'><strong>irai-ettiliano.</strong></span> 
     </span>
    </p>
   </div>
   <div class='ocr_carea' id='block_1_5' title="bbox 230 1729 1471 2399">
    <p class='ocr_par' dir='ltr' id='par_1_5' title="bbox 230 1729 1471 2399">
     <span class='ocr_line' id='line_1_10' title="bbox 337 1729 1471 1795; baseline 0.001 -15"><span class='ocrx_word' id='word_1_77' title='bbox 337 1763 344 1780; x_wconf 94' lang='lat'>.</span> <span class='ocrx_word' id='word_1_78' title='bbox 364 1761 371 1779; x_wconf 88' lang='lat'><strong>.</strong></span> <span class='ocrx_word' id='word_1_79' title='bbox 390 1765 398 1780; x_wconf 89' lang='lat'><strong>.</strong></span> <span class='ocrx_word' id='word_1_80' title='bbox 418 1764 425 1781; x_wconf 94' lang='lat'>.</span> <span class='ocrx_word' id='word_1_81' title='bbox 443 1731 513 1782; x_wconf 89' lang='lat' dir='ltr'><strong>iiaec</strong></span> <span class='ocrx_word' id='word_1_82' title='bbox 531 1742 610 1794; x_wconf 92' lang='lat' dir='ltr'><strong>porro</strong></span> <span class='ocrx_word' id='word_1_83' title='bbox 628 1732 834 1795; x_wconf 88' lang='lat' dir='ltr'><strong>supernaturalis</strong></span> <span class='ocrx_word' id='word_1_84' title='bbox 853 1733 991 1794; x_wconf 80' lang='lat' dir='ltr'><strong>revelatio,</strong></span> <span class='ocrx_word' id='word_1_85' title='bbox 1015 1733 1156 1784; x_wconf 84' lang='lat' dir='ltr'><strong>samnium</strong></span> <span class='ocrx_word' id='word_1_86' title='bbox 1176 1730 1326 1784; x_wconf 80' lang='lat' dir='ltr'><strong>uniuersalis</strong></span> <span class='ocrx_word' id='word_1_87' title='bbox 1344 1729 1471 1783; x_wconf 72' lang='lat' dir='ltr'>Ecclesiae</span> 
     </span>
     <span class='ocr_line' id='line_1_11' title="bbox 233 1813 1470 1880; baseline 0.001 -14"><span class='ocrx_word' id='word_1_88' title='bbox 233 1813 326 1878; x_wconf 80' lang='lat' dir='ltr'><strong>ntem,</strong></span> <span class='ocrx_word' id='word_1_89' title='bbox 354 1828 369 1867; x_wconf 91' lang='lat' dir='ltr'><strong>a</strong></span> <span class='ocrx_word' id='word_1_90' title='bbox 388 1814 478 1868; x_wconf 76' lang='lat' dir='ltr'><strong>sancta</strong></span> <span class='ocrx_word' id='word_1_91' title='bbox 497 1815 643 1872; x_wconf 81' lang='lat' dir='ltr'><strong>Tridentino</strong></span> <span class='ocrx_word' id='word_1_92' title='bbox 661 1816 765 1878; x_wconf 75' lang='lat' dir='ltr'><strong>senaria</strong></span> <span class='ocrx_word' id='word_1_93' title='bbox 785 1817 923 1870; x_wconf 83' lang='lat' dir='ltr'><strong>lroulssinle</strong></span> <span class='ocrx_word' id='word_1_94' title='bbox 942 1817 1117 1880; x_wconf 82' lang='lat' dir='ltr'><strong>declaratam,</strong></span> <span class='ocrx_word' id='word_1_95' title='bbox 1144 1817 1262 1880; x_wconf 75' lang='lat' dir='ltr'><strong>„integra</strong></span> <span class='ocrx_word' id='word_1_96' title='bbox 1281 1817 1428 1870; x_wconf 74' lang='lat' dir='ltr'><strong>continetur</strong></span> <span class='ocrx_word' id='word_1_97' title='bbox 1446 1816 1470 1867; x_wconf 92' lang='lat' dir='ltr'><strong>in</strong></span> 
     </span>
     <span class='ocr_line' id='line_1_12' title="bbox 233 1899 1471 1966; baseline 0.002 -15"><span class='ocrx_word' id='word_1_98' title='bbox 233 1899 303 1952; x_wconf 85' lang='lat' dir='ltr'><strong>llllrls</strong></span> <span class='ocrx_word' id='word_1_99' title='bbox 321 1901 422 1964; x_wconf 89' lang='lat' dir='ltr'><strong>scriptia</strong></span> <span class='ocrx_word' id='word_1_100' title='bbox 446 1907 498 1954; x_wconf 93' lang='lat' dir='ltr'><strong>tam</strong></span> <span class='ocrx_word' id='word_1_101' title='bbox 518 1899 614 1954; x_wconf 82' lang='lat' dir='ltr'><strong>leteris</strong></span> <span class='ocrx_word' id='word_1_102' title='bbox 639 1913 713 1966; x_wconf 84' lang='lat' dir='ltr'><strong>quam</strong></span> <span class='ocrx_word' id='word_1_103' title='bbox 738 1901 800 1956; x_wconf 81' lang='lat' dir='ltr'><strong>licui</strong></span> <span class='ocrx_word' id='word_1_104' title='bbox 824 1902 996 1964; x_wconf 81' lang='lat' dir='ltr'><strong>Testrnrenll,</strong></span> <span class='ocrx_word' id='word_1_105' title='bbox 1023 1907 1049 1956; x_wconf 91' lang='lat' dir='ltr'><strong>et</strong></span> <span class='ocrx_word' id='word_1_106' title='bbox 1072 1905 1127 1956; x_wconf 83' lang='lat' dir='ltr'><strong>sine</strong></span> <span class='ocrx_word' id='word_1_107' title='bbox 1152 1901 1247 1966; x_wconf 89' lang='lat' dir='ltr'><strong>scripto</strong></span> <span class='ocrx_word' id='word_1_108' title='bbox 1266 1899 1471 1956; x_wconf 79' lang='lat' dir='ltr'><strong>traditionibus.“</strong></span> 
     </span>
     <span class='ocr_line' id='line_1_13' title="bbox 232 1985 1470 2054; baseline -0.002 -12"><span class='ocrx_word' id='word_1_109' title='bbox 232 1989 276 2050; x_wconf 83' lang='lat' dir='ltr'><strong>lini</strong></span> <span class='ocrx_word' id='word_1_110' title='bbox 293 1987 398 2054; x_wconf 77' lang='lat' dir='ltr'><strong>ailitem</strong></span> <span class='ocrx_word' id='word_1_111' title='bbox 417 1987 473 2042; x_wconf 78' lang='lat' dir='ltr'><strong>litarl</strong></span> <span class='ocrx_word' id='word_1_112' title='bbox 491 1985 591 2053; x_wconf 74' lang='lat' dir='ltr'><strong>integri,</strong></span> <span class='ocrx_word' id='word_1_113' title='bbox 610 1989 686 2052; x_wconf 89' lang='lat' dir='ltr'><strong>prout</strong></span> <span class='ocrx_word' id='word_1_114' title='bbox 704 1989 730 2041; x_wconf 92' lang='lat' dir='ltr'><strong>ln</strong></span> <span class='ocrx_word' id='word_1_115' title='bbox 749 1989 866 2054; x_wconf 77' lang='lat' dir='ltr'><strong>ejusdem</strong></span> <span class='ocrx_word' id='word_1_116' title='bbox 885 1987 989 2044; x_wconf 83' lang='lat' dir='ltr'><strong>co&#39;nclllt</strong></span> <span class='ocrx_word' id='word_1_117' title='bbox 1008 1990 1113 2043; x_wconf 81' lang='lat' dir='ltr'><strong>decreto</strong></span> <span class='ocrx_word' id='word_1_118' title='bbox 1132 1991 1309 2052; x_wconf 86' lang='lat' dir='ltr'><strong>recensentur,</strong></span> <span class='ocrx_word' id='word_1_119' title='bbox 1327 1993 1353 2041; x_wconf 92' lang='lat' dir='ltr'><strong>et</strong></span> <span class='ocrx_word' id='word_1_120' title='bbox 1371 1987 1397 2040; x_wconf 91' lang='lat' dir='ltr'><strong>in</strong></span> <span class='ocrx_word' id='word_1_121' title='bbox 1417 1987 1470 2040; x_wconf 84' lang='lat' dir='ltr'><strong>cul·</strong></span> 
     </span>
     <span class='ocr_line' id='line_1_14' title="bbox 230 2073 1470 2156; baseline -0.001 -29"><span class='ocrx_word' id='word_1_122' title='bbox 230 2079 292 2140; x_wconf 75' lang='lat' dir='ltr'><strong>pau</strong></span> <span class='ocrx_word' id='word_1_123' title='bbox 312 2076 392 2128; x_wconf 91' lang='lat' dir='ltr'><strong>latina</strong></span> <span class='ocrx_word' id='word_1_124' title='bbox 412 2074 523 2128; x_wconf 82' lang='lat' dir='ltr'><strong>editione</strong></span> <span class='ocrx_word' id='word_1_125' title='bbox 542 2074 685 2138; x_wconf 82' lang='lat' dir='ltr'><strong>habeatur,</strong></span> <span class='ocrx_word' id='word_1_126' title='bbox 710 2087 767 2128; x_wconf 88' lang='lat' dir='ltr'><strong>cum</strong></span> <span class='ocrx_word' id='word_1_127' title='bbox 786 2077 904 2130; x_wconf 79' lang='lat' dir='ltr'><strong>omnibus</strong></span> <span class='ocrx_word' id='word_1_128' title='bbox 922 2075 977 2128; x_wconf 86' lang='lat' dir='ltr'><strong>auls</strong></span> <span class='ocrx_word' id='word_1_129' title='bbox 996 2075 1113 2138; x_wconf 83' lang='lat' dir='ltr'><strong>partious</strong></span> <span class='ocrx_word' id='word_1_130' title='bbox 1133 2089 1179 2156; x_wconf 80' lang='lat' dir='ltr'><strong>pro</strong></span> <span class='ocrx_word' id='word_1_131' title='bbox 1198 2076 1279 2128; x_wconf 85' lang='lat' dir='ltr'><strong>sacris</strong></span> <span class='ocrx_word' id='word_1_132' title='bbox 1298 2079 1324 2128; x_wconf 90' lang='lat' dir='ltr'><strong>et</strong></span> <span class='ocrx_word' id='word_1_133' title='bbox 1341 2073 1470 2126; x_wconf 85' lang='lat' dir='ltr'><strong>canonicis</strong></span> 
     </span>
     <span class='ocr_line' id='line_1_15' title="bbox 231 2159 1468 2227; baseline -0.001 -15"><span class='ocrx_word' id='word_1_134' title='bbox 231 2161 387 2227; x_wconf 81' lang='lat' dir='ltr'><strong>suscipienti</strong></span> <span class='ocrx_word' id='word_1_135' title='bbox 405 2163 475 2214; x_wconf 87' lang='lat' dir='ltr'><strong>sunt.</strong></span> <span class='ocrx_word' id='word_1_136' title='bbox 512 2161 560 2214; x_wconf 87' lang='lat' dir='ltr'><strong>Eos</strong></span> <span class='ocrx_word' id='word_1_137' title='bbox 579 2173 642 2214; x_wconf 82' lang='lat' dir='ltr'><strong>uera</strong></span> <span class='ocrx_word' id='word_1_138' title='bbox 661 2161 774 2215; x_wconf 82' lang='lat' dir='ltr'><strong>Ecclesia</strong></span> <span class='ocrx_word' id='word_1_139' title='bbox 793 2173 843 2215; x_wconf 93' lang='lat' dir='ltr'><strong>nan</strong></span> <span class='ocrx_word' id='word_1_140' title='bbox 863 2167 1001 2226; x_wconf 86' lang='lat' dir='ltr'><strong>propterea</strong></span> <span class='ocrx_word' id='word_1_141' title='bbox 1027 2173 1072 2226; x_wconf 91' lang='lat' dir='ltr'><strong>pro</strong></span> <span class='ocrx_word' id='word_1_142' title='bbox 1091 2165 1170 2215; x_wconf 86' lang='lat' dir='ltr'><strong>sacris</strong></span> <span class='ocrx_word' id='word_1_143' title='bbox 1189 2165 1216 2214; x_wconf 93' lang='lat' dir='ltr'><strong>et</strong></span> <span class='ocrx_word' id='word_1_144' title='bbox 1234 2161 1366 2214; x_wconf 88' lang='lat' dir='ltr'><strong>canonicis</strong></span> <span class='ocrx_word' id='word_1_145' title='bbox 1384 2159 1468 2224; x_wconf 80' lang='lat' dir='ltr'><strong>halet,</strong></span> 
     </span>
     <span class='ocr_line' id='line_1_16' title="bbox 231 2236 1467 2312; baseline -0.004 -12"><span class='ocrx_word' id='word_1_146' title='bbox 231 2246 300 2312; x_wconf 79' lang='lat' dir='ltr'><strong>quoii</strong></span> <span class='ocrx_word' id='word_1_147' title='bbox 319 2245 470 2301; x_wconf 88' lang='lat' dir='ltr'><strong>anctoritate</strong></span> <span class='ocrx_word' id='word_1_148' title='bbox 488 2259 536 2300; x_wconf 90' lang='lat' dir='ltr'><strong>sua</strong></span> <span class='ocrx_word' id='word_1_149' title='bbox 554 2236 689 2312; x_wconf 82' lang='lat' dir='ltr'><strong>approlaa&#39;ll</strong></span> <span class='ocrx_word' id='word_1_150' title='bbox 708 2249 774 2312; x_wconf 91' lang='lat' dir='ltr'><strong>slnt,</strong></span> <span class='ocrx_word' id='word_1_151' title='bbox 805 2248 860 2300; x_wconf 88' lang='lat' dir='ltr'><strong>licet</strong></span> <span class='ocrx_word' id='word_1_152' title='bbox 879 2249 934 2302; x_wconf 93' lang='lat' dir='ltr'><strong>sola</strong></span> <span class='ocrx_word' id='word_1_153' title='bbox 955 2251 1067 2302; x_wconf 82' lang='lat' dir='ltr'><strong>nuaoaaa</strong></span> <span class='ocrx_word' id='word_1_154' title='bbox 1094 2249 1219 2304; x_wconf 82' lang='lat' dir='ltr'><strong>industria</strong></span> <span class='ocrx_word' id='word_1_155' title='bbox 1238 2246 1394 2312; x_wconf 86' lang='lat' dir='ltr'><strong>concinnatl;</strong></span> <span class='ocrx_word' id='word_1_156' title='bbox 1423 2247 1467 2297; x_wconf 90' lang='lat' dir='ltr'><strong>aut</strong></span> 
     </span>
     <span class='ocr_line' id='line_1_17' title="bbox 231 2332 1468 2399; baseline -0.002 -13"><span class='ocrx_word' id='word_1_157' title='bbox 231 2333 290 2388; x_wconf 82' lang='lat' dir='ltr'><strong>ideo</strong></span> <span class='ocrx_word' id='word_1_158' title='bbox 308 2334 457 2394; x_wconf 79' lang='lat' dir='ltr'><strong>dumtaxat.</strong></span> <span class='ocrx_word' id='word_1_159' title='bbox 475 2332 543 2399; x_wconf 82' lang='lat' dir='ltr'><strong>quial</strong></span> <span class='ocrx_word' id='word_1_160' title='bbox 562 2333 745 2388; x_wconf 70' lang='lat' dir='ltr'><strong>revelationem</strong></span> <span class='ocrx_word' id='word_1_161' title='bbox 764 2334 820 2387; x_wconf 88' lang='lat' dir='ltr'><strong>stne</strong></span> <span class='ocrx_word' id='word_1_162' title='bbox 838 2346 925 2389; x_wconf 85' lang='lat' dir='ltr'><strong>errore</strong></span> <span class='ocrx_word' id='word_1_163' title='bbox 944 2336 1107 2399; x_wconf 86' lang='lat' dir='ltr'><strong>contineant;</strong></span> <span class='ocrx_word' id='word_1_164' title='bbox 1134 2333 1180 2387; x_wconf 84' lang='lat' dir='ltr'><strong>sel</strong></span> <span class='ocrx_word' id='word_1_165' title='bbox 1199 2334 1269 2398; x_wconf 83' lang='lat' dir='ltr'><strong>lateo,</strong></span> <span class='ocrx_word' id='word_1_166' title='bbox 1289 2334 1356 2399; x_wconf 83' lang='lat' dir='ltr'><strong>quot</strong></span> <span class='ocrx_word' id='word_1_167' title='bbox 1375 2332 1468 2397; x_wconf 86' lang='lat' dir='ltr'><strong>spiritu</strong></span> 
     </span>
    </p>
   </div>
   <div class='ocr_carea' id='block_1_6' title="bbox 231 2411 1573 2486">
    <p class='ocr_par' dir='ltr' id='par_1_6' title="bbox 231 2411 1573 2486">
     <span class='ocr_line' id='line_1_18' title="bbox 231 2411 1573 2486; baseline -0.003 -12"><span class='ocrx_word' id='word_1_168' title='bbox 231 2421 325 2474; x_wconf 86' lang='lat' dir='ltr'><strong>Sancto</strong></span> <span class='ocrx_word' id='word_1_169' title='bbox 342 2421 484 2484; x_wconf 70' lang='lat' dir='ltr'><strong>inspirante</strong></span> <span class='ocrx_word' id='word_1_170' title='bbox 502 2419 648 2484; x_wconf 85' lang='lat' dir='ltr'><strong>colrscrlpti,</strong></span> <span class='ocrx_word' id='word_1_171' title='bbox 667 2420 748 2474; x_wconf 84' lang='lat' dir='ltr'><strong>ileum</strong></span> <span class='ocrx_word' id='word_1_172' title='bbox 765 2420 861 2473; x_wconf 81' lang='lat' dir='ltr'><strong>ualent</strong></span> <span class='ocrx_word' id='word_1_173' title='bbox 881 2427 1027 2484; x_wconf 84' lang='lat' dir='ltr'><strong>auctorem,</strong></span> <span class='ocrx_word' id='word_1_174' title='bbox 1050 2428 1126 2486; x_wconf 84' lang='lat' dir='ltr'><strong>atque</strong></span> <span class='ocrx_word' id='word_1_175' title='bbox 1145 2425 1171 2473; x_wconf 89' lang='lat' dir='ltr'><strong>ul</strong></span> <span class='ocrx_word' id='word_1_176' title='bbox 1191 2421 1257 2474; x_wconf 86' lang='lat' dir='ltr'><strong>tales</strong></span> <span class='ocrx_word' id='word_1_177' title='bbox 1276 2419 1405 2474; x_wconf 77' lang='lat' dir='ltr'><strong>Ecclesiae</strong></span> <span class='ocrx_word' id='word_1_178' title='bbox 1423 2430 1471 2482; x_wconf 89' lang='lat' dir='ltr'><strong>per</strong></span> <span class='ocrx_word' id='word_1_179' title='bbox 1572 2411 1573 2422; x_wconf 55' lang='lat'>¹</span> 
     </span>
    </p>
   </div>
   <div class='ocr_carea' id='block_1_7' title="bbox 231 2507 662 2571">
    <p class='ocr_par' dir='ltr' id='par_1_7' title="bbox 231 2507 662 2571">
     <span class='ocr_line' id='line_1_19' title="bbox 231 2507 662 2571; baseline -0.009 -13"><span class='ocrx_word' id='word_1_180' title='bbox 231 2509 364 2571; x_wconf 81' lang='lat' dir='ltr'><strong>apostolas</strong></span> <span class='ocrx_word' id='word_1_181' title='bbox 382 2507 467 2561; x_wconf 83' lang='lat' dir='ltr'><strong>trailtl</strong></span> <span class='ocrx_word' id='word_1_182' title='bbox 485 2509 553 2560; x_wconf 86' lang='lat' dir='ltr'><strong>aunt</strong></span> <span class='ocrx_word' id='word_1_183' title='bbox 654 2543 662 2554; x_wconf 90' lang='lat'><em>.</em></span> 
     </span>
    </p>
   </div>
   <div class='ocr_carea' id='block_1_8' title="bbox 232 2609 1471 2762">
    <p class='ocr_par' dir='ltr' id='par_1_8' title="bbox 232 2609 1471 2762">
     <span class='ocr_line' id='line_1_20' title="bbox 335 2609 1470 2678; baseline -0.002 -16"><span class='ocrx_word' id='word_1_184' title='bbox 335 2610 397 2674; x_wconf 76' lang='lat' dir='ltr'><strong>onia</strong></span> <span class='ocrx_word' id='word_1_185' title='bbox 416 2623 486 2676; x_wconf 82' lang='lat' dir='ltr'><strong>vera,</strong></span> <span class='ocrx_word' id='word_1_186' title='bbox 504 2625 571 2678; x_wconf 81' lang='lat' dir='ltr'><strong>quae</strong></span> <span class='ocrx_word' id='word_1_187' title='bbox 589 2613 684 2664; x_wconf 88' lang='lat' dir='ltr'><strong>Sancta</strong></span> <span class='ocrx_word' id='word_1_188' title='bbox 702 2611 849 2666; x_wconf 74' lang='lat' dir='ltr'><strong>tridentina</strong></span> <span class='ocrx_word' id='word_1_189' title='bbox 868 2612 985 2675; x_wconf 82' lang='lat' dir='ltr'><strong>synodus</strong></span> <span class='ocrx_word' id='word_1_190' title='bbox 1004 2612 1035 2664; x_wconf 82' lang='lat' dir='ltr'><strong>de</strong></span> <span class='ocrx_word' id='word_1_191' title='bbox 1055 2611 1270 2676; x_wconf 74' lang='lat' dir='ltr'><strong>interpretatione</strong></span> <span class='ocrx_word' id='word_1_192' title='bbox 1289 2609 1390 2662; x_wconf 81' lang='lat' dir='ltr'><strong>divinae</strong></span> <span class='ocrx_word' id='word_1_193' title='bbox 1404 2610 1470 2660; x_wconf 79' lang='lat' dir='ltr'><strong>Scri·</strong></span> 
     </span>
     <span class='ocr_line' id='line_1_21' title="bbox 232 2694 1471 2762; baseline -0.003 -13"><span class='ocrx_word' id='word_1_194' title='bbox 232 2701 331 2762; x_wconf 89' lang='lat' dir='ltr'><strong>pturae,</strong></span> <span class='ocrx_word' id='word_1_195' title='bbox 350 2695 400 2761; x_wconf 83' lang='lat' dir='ltr'><strong>„all</strong></span> <span class='ocrx_word' id='word_1_196' title='bbox 419 2696 560 2750; x_wconf 74' lang='lat' dir='ltr'><strong>coercenda</strong></span> <span class='ocrx_word' id='word_1_197' title='bbox 579 2697 720 2761; x_wconf 86' lang='lat' dir='ltr'><strong>petulantia</strong></span> <span class='ocrx_word' id='word_1_198' title='bbox 740 2697 869 2762; x_wconf 45' lang='lat' dir='ltr'><strong>ingenia?</strong></span> <span class='ocrx_word' id='word_1_199' title='bbox 887 2697 1025 2751; x_wconf 77' lang='lat' dir='ltr'><strong>salutariter</strong></span> <span class='ocrx_word' id='word_1_200' title='bbox 1043 2696 1165 2758; x_wconf 80' lang='lat' dir='ltr'><strong>decreuit,</strong></span> <span class='ocrx_word' id='word_1_201' title='bbox 1183 2709 1198 2748; x_wconf 94' lang='lat' dir='ltr'><strong>a</strong></span> <span class='ocrx_word' id='word_1_202' title='bbox 1218 2696 1370 2761; x_wconf 80' lang='lat' dir='ltr'><strong>quibusdam</strong></span> <span class='ocrx_word' id='word_1_203' title='bbox 1388 2694 1471 2747; x_wconf 83' lang='lat' dir='ltr'><strong>lonii·</strong></span> 
     </span>
    </p>
   </div>
   <div class='ocr_carea' id='block_1_9' title="bbox 231 2779 1571 2848">
    <p class='ocr_par' dir='ltr' id='par_1_9' title="bbox 231 2779 1571 2848">
     <span class='ocr_line' id='line_1_22' title="bbox 231 2779 1571 2848; baseline -0.003 -12"><span class='ocrx_word' id='word_1_204' title='bbox 231 2782 306 2836; x_wconf 81' lang='lat' dir='ltr'><strong>nicus</strong></span> <span class='ocrx_word' id='word_1_205' title='bbox 326 2795 403 2847; x_wconf 82' lang='lat' dir='ltr'><strong>praee</strong></span> <span class='ocrx_word' id='word_1_206' title='bbox 421 2785 592 2848; x_wconf 79' lang='lat' dir='ltr'><strong>exponuntur,</strong></span> <span class='ocrx_word' id='word_1_207' title='bbox 609 2783 678 2835; x_wconf 83' lang='lat' dir='ltr'><strong>liena</strong></span> <span class='ocrx_word' id='word_1_208' title='bbox 697 2783 828 2836; x_wconf 81' lang='lat' dir='ltr'><strong>decretum</strong></span> <span class='ocrx_word' id='word_1_209' title='bbox 848 2789 1019 2848; x_wconf 80' lang='lat' dir='ltr'><strong>renovantes,</strong></span> <span class='ocrx_word' id='word_1_210' title='bbox 1038 2783 1106 2836; x_wconf 82' lang='lat' dir='ltr'><strong>lianc</strong></span> <span class='ocrx_word' id='word_1_211' title='bbox 1123 2783 1179 2847; x_wconf 85' lang='lat' dir='ltr'><strong>ejus</strong></span> <span class='ocrx_word' id='word_1_212' title='bbox 1198 2787 1311 2835; x_wconf 82' lang='lat' dir='ltr'><strong>melitem</strong></span> <span class='ocrx_word' id='word_1_213' title='bbox 1330 2794 1388 2835; x_wconf 87' lang='lat' dir='ltr'><strong>esse</strong></span> <span class='ocrx_word' id='word_1_214' title='bbox 1407 2779 1471 2834; x_wconf 84' lang='lat' dir='ltr'><strong>dall·</strong></span> <span class='ocrx_word' id='word_1_215' title='bbox 1570 2787 1571 2794; x_wconf 53' lang='lat'>¹</span> 
     </span>
    </p>
   </div>
   <div class='ocr_carea' id='block_1_10' title="bbox 230 2867 1469 3020">
    <p class='ocr_par' dir='ltr' id='par_1_10' title="bbox 230 2867 1469 3020">
     <span class='ocr_line' id='line_1_23' title="bbox 230 2867 1469 2936; baseline -0.005 -12"><span class='ocrx_word' id='word_1_216' title='bbox 230 2871 330 2933; x_wconf 89' lang='lat' dir='ltr'><strong>ulmus,</strong></span> <span class='ocrx_word' id='word_1_217' title='bbox 356 2875 384 2925; x_wconf 92' lang='lat' dir='ltr'><strong>ut</strong></span> <span class='ocrx_word' id='word_1_218' title='bbox 407 2870 432 2921; x_wconf 92' lang='lat' dir='ltr'><strong>in</strong></span> <span class='ocrx_word' id='word_1_219' title='bbox 455 2869 532 2922; x_wconf 77' lang='lat' dir='ltr'><strong>relius</strong></span> <span class='ocrx_word' id='word_1_220' title='bbox 558 2867 616 2922; x_wconf 82' lang='lat' dir='ltr'><strong>liei</strong></span> <span class='ocrx_word' id='word_1_221' title='bbox 641 2874 667 2921; x_wconf 92' lang='lat' dir='ltr'><strong>et</strong></span> <span class='ocrx_word' id='word_1_222' title='bbox 685 2881 786 2924; x_wconf 87' lang='lat' dir='ltr'><strong>urorum</strong></span> <span class='ocrx_word' id='word_1_223' title='bbox 811 2872 832 2923; x_wconf 91' lang='lat' dir='ltr'><strong>is</strong></span> <span class='ocrx_word' id='word_1_224' title='bbox 856 2882 903 2934; x_wconf 93' lang='lat' dir='ltr'><strong>pro</strong></span> <span class='ocrx_word' id='word_1_225' title='bbox 928 2883 990 2923; x_wconf 85' lang='lat' dir='ltr'><strong>rero</strong></span> <span class='ocrx_word' id='word_1_226' title='bbox 1008 2870 1155 2936; x_wconf 78' lang='lat' dir='ltr'><strong>scripturae</strong></span> <span class='ocrx_word' id='word_1_227' title='bbox 1174 2881 1252 2923; x_wconf 88' lang='lat' dir='ltr'><strong>sensu</strong></span> <span class='ocrx_word' id='word_1_228' title='bbox 1271 2867 1406 2923; x_wconf 79' lang='lat' dir='ltr'><strong>trabeatus</strong></span> <span class='ocrx_word' id='word_1_229' title='bbox 1426 2868 1469 2930; x_wconf 89' lang='lat' dir='ltr'><strong>sit,</strong></span> 
     </span>
     <span class='ocr_line' id='line_1_24' title="bbox 231 2955 900 3020; baseline -0.001 -12"><span class='ocrx_word' id='word_1_230' title='bbox 231 2965 308 3020; x_wconf 81' lang='lat' dir='ltr'><strong>auem</strong></span> <span class='ocrx_word' id='word_1_231' title='bbox 327 2956 407 3010; x_wconf 88' lang='lat' dir='ltr'><strong>tenuit</strong></span> <span class='ocrx_word' id='word_1_232' title='bbox 426 2967 456 3007; x_wconf 87' lang='lat' dir='ltr'><strong>ac</strong></span> <span class='ocrx_word' id='word_1_233' title='bbox 474 2958 544 3008; x_wconf 86' lang='lat' dir='ltr'><strong>tenet</strong></span> <span class='ocrx_word' id='word_1_234' title='bbox 562 2955 656 3008; x_wconf 88' lang='lat' dir='ltr'><strong>Sancta</strong></span> <span class='ocrx_word' id='word_1_235' title='bbox 679 2961 761 3008; x_wconf 88' lang='lat' dir='ltr'><strong>mater</strong></span> <span class='ocrx_word' id='word_1_236' title='bbox 780 2957 900 3008; x_wconf 78' lang='lat' dir='ltr'><strong>Ecclesia.</strong></span> 
     </span>
    </p>
   </div>
   <div class='ocr_carea' id='block_1_11' title="bbox 684 3145 1019 3216">
    <p class='ocr_par' dir='ltr' id='par_1_11' title="bbox 684 3145 1019 3216">
     <span class='ocr_line' id='line_1_25' title="bbox 684 3145 1019 3216; baseline -0.009 -14"><span class='ocrx_word' id='word_1_237' title='bbox 684 3147 757 3216; x_wconf 83' lang='lat' dir='ltr'><strong>Cup.</strong></span> <span class='ocrx_word' id='word_1_238' title='bbox 777 3145 831 3201; x_wconf 86' lang='lat' dir='ltr'><strong>lll.</strong></span> <span class='ocrx_word' id='word_1_239' title='bbox 872 3145 915 3200; x_wconf 83' lang='lat' dir='ltr'><strong>Dc</strong></span> <span class='ocrx_word' id='word_1_240' title='bbox 935 3145 1019 3200; x_wconf 75' lang='lat' dir='ltr'><strong>l’tue.</strong></span> 
     </span>
    </p>
   </div>
   <div class='ocr_carea' id='block_1_12' title="bbox 231 3286 1470 3526">
    <p class='ocr_par' dir='ltr' id='par_1_12' title="bbox 231 3286 1470 3526">
     <span class='ocr_line' id='line_1_26' title="bbox 334 3286 1469 3352; baseline -0.002 -14"><span class='ocrx_word' id='word_1_241' title='bbox 334 3286 413 3349; x_wconf 78' lang='lat' dir='ltr'><strong>ouum</strong></span> <span class='ocrx_word' id='word_1_242' title='bbox 443 3287 519 3342; x_wconf 83' lang='lat' dir='ltr'><strong>laonio</strong></span> <span class='ocrx_word' id='word_1_243' title='bbox 543 3299 559 3340; x_wconf 93' lang='lat' dir='ltr'><strong>a</strong></span> <span class='ocrx_word' id='word_1_244' title='bbox 577 3286 629 3340; x_wconf 89' lang='lat' dir='ltr'><strong>ileo</strong></span> <span class='ocrx_word' id='word_1_245' title='bbox 654 3291 777 3352; x_wconf 83' lang='lat' dir='ltr'><strong>tanquam</strong></span> <span class='ocrx_word' id='word_1_246' title='bbox 797 3287 924 3350; x_wconf 89' lang='lat' dir='ltr'><strong>Supremo</strong></span> <span class='ocrx_word' id='word_1_247' title='bbox 948 3298 997 3340; x_wconf 87' lang='lat' dir='ltr'><strong>suo</strong></span> <span class='ocrx_word' id='word_1_248' title='bbox 1016 3289 1126 3341; x_wconf 78' lang='lat' dir='ltr'><strong>Auctore</strong></span> <span class='ocrx_word' id='word_1_249' title='bbox 1144 3292 1171 3339; x_wconf 91' lang='lat' dir='ltr'><strong>et</strong></span> <span class='ocrx_word' id='word_1_250' title='bbox 1189 3286 1297 3340; x_wconf 82' lang='lat' dir='ltr'><strong>lamina</strong></span> <span class='ocrx_word' id='word_1_251' title='bbox 1316 3289 1386 3338; x_wconf 90' lang='lat' dir='ltr'><strong>totus</strong></span> <span class='ocrx_word' id='word_1_252' title='bbox 1404 3297 1469 3348; x_wconf 90' lang='lat' dir='ltr'><strong>pen·</strong></span> 
     </span>
     <span class='ocr_line' id='line_1_27' title="bbox 231 3371 1470 3438; baseline -0.002 -12"><span class='ocrx_word' id='word_1_253' title='bbox 231 3372 305 3438; x_wconf 84' lang='lat' dir='ltr'><strong>leat,</strong></span> <span class='ocrx_word' id='word_1_254' title='bbox 331 3379 358 3426; x_wconf 86' lang='lat' dir='ltr'><strong>at</strong></span> <span class='ocrx_word' id='word_1_255' title='bbox 380 3373 446 3425; x_wconf 87' lang='lat' dir='ltr'><strong>ratio</strong></span> <span class='ocrx_word' id='word_1_256' title='bbox 473 3380 560 3425; x_wconf 88' lang='lat' dir='ltr'><strong>creata</strong></span> <span class='ocrx_word' id='word_1_257' title='bbox 580 3373 710 3426; x_wconf 90' lang='lat' dir='ltr'><strong>increatae</strong></span> <span class='ocrx_word' id='word_1_258' title='bbox 731 3371 823 3425; x_wconf 88' lang='lat' dir='ltr'><strong>rationi</strong></span> <span class='ocrx_word' id='word_1_259' title='bbox 842 3371 945 3436; x_wconf 86' lang='lat' dir='ltr'><strong>penitus</strong></span> <span class='ocrx_word' id='word_1_260' title='bbox 962 3373 1062 3437; x_wconf 81' lang='lat' dir='ltr'><strong>subiela</strong></span> <span class='ocrx_word' id='word_1_261' title='bbox 1081 3374 1128 3436; x_wconf 89' lang='lat' dir='ltr'><strong>sit,</strong></span> <span class='ocrx_word' id='word_1_262' title='bbox 1155 3375 1258 3438; x_wconf 90' lang='lat' dir='ltr'><strong>plenum</strong></span> <span class='ocrx_word' id='word_1_263' title='bbox 1276 3371 1423 3426; x_wconf 87' lang='lat' dir='ltr'><strong>intellectus</strong></span> <span class='ocrx_word' id='word_1_264' title='bbox 1442 3376 1470 3423; x_wconf 87' lang='lat' dir='ltr'><strong>et</strong></span> 
     </span>
     <span class='ocr_line' id='line_1_28' title="bbox 232 3459 1197 3526; baseline -0.002 -14"><span class='ocrx_word' id='word_1_265' title='bbox 232 3461 369 3514; x_wconf 85' lang='lat' dir='ltr'><strong>voluntatis</strong></span> <span class='ocrx_word' id='word_1_266' title='bbox 388 3459 548 3526; x_wconf 81' lang='lat' dir='ltr'><strong>obsequium,</strong></span> <span class='ocrx_word' id='word_1_267' title='bbox 567 3461 701 3512; x_wconf 81' lang='lat' dir='ltr'><strong>reuelante</strong></span> <span class='ocrx_word' id='word_1_268' title='bbox 719 3472 747 3513; x_wconf 91' lang='lat' dir='ltr'><strong>se</strong></span> <span class='ocrx_word' id='word_1_269' title='bbox 766 3459 828 3522; x_wconf 87' lang='lat' dir='ltr'><strong>lieo,</strong></span> <span class='ocrx_word' id='word_1_270' title='bbox 847 3459 897 3512; x_wconf 80' lang='lat' dir='ltr'><strong>ilie</strong></span> <span class='ocrx_word' id='word_1_271' title='bbox 917 3465 1050 3522; x_wconf 88' lang='lat' dir='ltr'><strong>praestare</strong></span> <span class='ocrx_word' id='word_1_272' title='bbox 1068 3464 1197 3513; x_wconf 88' lang='lat' dir='ltr'><strong>tenemur.</strong></span> 
     </span>
    </p>
   </div>
   <div class='ocr_carea' id='block_1_13' title="bbox 231 3561 1468 3714">
    <p class='ocr_par' dir='ltr' id='par_1_13' title="bbox 231 3561 1468 3714">
     <span class='ocr_line' id='line_1_29' title="bbox 333 3561 1468 3628; baseline -0.002 -13"><span class='ocrx_word' id='word_1_273' title='bbox 333 3565 403 3616; x_wconf 87' lang='lat' dir='ltr'><strong>lianc</strong></span> <span class='ocrx_word' id='word_1_274' title='bbox 420 3574 482 3615; x_wconf 81' lang='lat' dir='ltr'><strong>lero</strong></span> <span class='ocrx_word' id='word_1_275' title='bbox 502 3561 577 3621; x_wconf 79' lang='lat' dir='ltr'><strong>nalem</strong></span> <span class='ocrx_word' id='word_1_276' title='bbox 593 3574 660 3627; x_wconf 82' lang='lat' dir='ltr'><strong>quae</strong></span> <span class='ocrx_word' id='word_1_277' title='bbox 679 3564 808 3615; x_wconf 82' lang='lat' dir='ltr'><strong>humanae</strong></span> <span class='ocrx_word' id='word_1_278' title='bbox 827 3563 917 3616; x_wconf 87' lang='lat' dir='ltr'><strong>salutis</strong></span> <span class='ocrx_word' id='word_1_279' title='bbox 935 3564 1033 3616; x_wconf 91' lang='lat' dir='ltr'><strong>initium</strong></span> <span class='ocrx_word' id='word_1_280' title='bbox 1053 3567 1107 3628; x_wconf 91' lang='lat' dir='ltr'><strong>est,</strong></span> <span class='ocrx_word' id='word_1_281' title='bbox 1132 3563 1242 3616; x_wconf 85' lang='lat' dir='ltr'><strong>Ecclesia</strong></span> <span class='ocrx_word' id='word_1_282' title='bbox 1262 3563 1392 3618; x_wconf 83' lang='lat' dir='ltr'><strong>Calliolioa</strong></span> <span class='ocrx_word' id='word_1_283' title='bbox 1408 3574 1468 3626; x_wconf 90' lang='lat' dir='ltr'><strong>pro·</strong></span> 
     </span>
     <span class='ocr_line' id='line_1_30' title="bbox 231 3649 1467 3714; baseline -0.002 -11"><span class='ocrx_word' id='word_1_284' title='bbox 231 3650 319 3704; x_wconf 76' lang='lat' dir='ltr'><strong>fitetur</strong></span> <span class='ocrx_word' id='word_1_285' title='bbox 336 3649 456 3703; x_wconf 82' lang='lat' dir='ltr'><strong>virtulem</strong></span> <span class='ocrx_word' id='word_1_286' title='bbox 476 3663 535 3701; x_wconf 87' lang='lat' dir='ltr'><strong>esse</strong></span> <span class='ocrx_word' id='word_1_287' title='bbox 554 3651 787 3713; x_wconf 86' lang='lat' dir='ltr'><strong>supernaturalem,</strong></span> <span class='ocrx_word' id='word_1_288' title='bbox 807 3661 866 3714; x_wconf 84' lang='lat' dir='ltr'><strong>qua,</strong></span> <span class='ocrx_word' id='word_1_289' title='bbox 885 3650 929 3702; x_wconf 86' lang='lat' dir='ltr'><strong>llel</strong></span> <span class='ocrx_word' id='word_1_290' title='bbox 948 3651 1078 3714; x_wconf 87' lang='lat' dir='ltr'><strong>aspirante</strong></span> <span class='ocrx_word' id='word_1_291' title='bbox 1097 3655 1122 3703; x_wconf 90' lang='lat' dir='ltr'><strong>et</strong></span> <span class='ocrx_word' id='word_1_292' title='bbox 1140 3649 1280 3714; x_wconf 80' lang='lat' dir='ltr'><strong>allucente</strong></span> <span class='ocrx_word' id='word_1_293' title='bbox 1292 3649 1386 3714; x_wconf 77' lang='lat' dir='ltr'><strong>gratia,</strong></span> <span class='ocrx_word' id='word_1_294' title='bbox 1406 3661 1467 3702; x_wconf 85' lang='lat' dir='ltr'><strong>uere</strong></span> 
     </span>
    </p>
   </div>
   <div class='ocr_carea' id='block_1_14' title="bbox 229 3735 1568 3889">
    <p class='ocr_par' dir='ltr' id='par_1_14' title="bbox 229 3735 1568 3889">
     <span class='ocr_line' id='line_1_31' title="bbox 230 3735 1568 3812; baseline 0.002 -23"><span class='ocrx_word' id='word_1_295' title='bbox 230 3749 288 3790; x_wconf 88' lang='lat' dir='ltr'><strong>ease</strong></span> <span class='ocrx_word' id='word_1_296' title='bbox 308 3735 444 3798; x_wconf 82' lang='lat' dir='ltr'><strong>credimus,</strong></span> <span class='ocrx_word' id='word_1_297' title='bbox 463 3747 529 3802; x_wconf 83' lang='lat' dir='ltr'><strong>quae</strong></span> <span class='ocrx_word' id='word_1_298' title='bbox 547 3735 668 3788; x_wconf 83' lang='lat' dir='ltr'><strong>divinitus</strong></span> <span class='ocrx_word' id='word_1_299' title='bbox 687 3737 803 3788; x_wconf 85' lang='lat' dir='ltr'><strong>revelata</strong></span> <span class='ocrx_word' id='word_1_300' title='bbox 822 3740 892 3797; x_wconf 85' lang='lat' dir='ltr'><strong>sunt,</strong></span> <span class='ocrx_word' id='word_1_301' title='bbox 911 3749 962 3788; x_wconf 90' lang='lat' dir='ltr'><strong>non</strong></span> <span class='ocrx_word' id='word_1_302' title='bbox 982 3738 1015 3812; x_wconf 80' lang='lat' dir='ltr'><strong>oti</strong></span> <span class='ocrx_word' id='word_1_303' title='bbox 1034 3738 1215 3800; x_wconf 81' lang='lat' dir='ltr'><strong>intrinsecam,</strong></span> <span class='ocrx_word' id='word_1_304' title='bbox 1233 3749 1310 3800; x_wconf 82' lang='lat' dir='ltr'><strong>quarn</strong></span> <span class='ocrx_word' id='word_1_305' title='bbox 1328 3735 1468 3800; x_wconf 87' lang='lat' dir='ltr'><strong>perspicia·</strong></span> <span class='ocrx_word' id='word_1_306' title='bbox 1567 3783 1568 3792; x_wconf 52' lang='grc'><strong>.</strong></span> 
     </span>
     <span class='ocr_line' id='line_1_32' title="bbox 229 3821 1568 3889; baseline -0.001 -13"><span class='ocrx_word' id='word_1_307' title='bbox 229 3834 287 3877; x_wconf 86' lang='lat' dir='ltr'><strong>mus</strong></span> <span class='ocrx_word' id='word_1_308' title='bbox 305 3832 392 3875; x_wconf 90' lang='lat' dir='ltr'><strong>rerum</strong></span> <span class='ocrx_word' id='word_1_309' title='bbox 411 3823 564 3884; x_wconf 87' lang='lat' dir='ltr'><strong>veritatem,</strong></span> <span class='ocrx_word' id='word_1_310' title='bbox 591 3821 637 3874; x_wconf 80' lang='lat' dir='ltr'><strong>secl</strong></span> <span class='ocrx_word' id='word_1_311' title='bbox 660 3828 767 3886; x_wconf 90' lang='lat' dir='ltr'><strong>propter</strong></span> <span class='ocrx_word' id='word_1_312' title='bbox 791 3823 968 3876; x_wconf 86' lang='lat' dir='ltr'><strong>auctoritatem</strong></span> <span class='ocrx_word' id='word_1_313' title='bbox 987 3824 1031 3876; x_wconf 85' lang='lat' dir='ltr'><strong>llel</strong></span> <span class='ocrx_word' id='word_1_314' title='bbox 1055 3826 1214 3888; x_wconf 85' lang='lat' dir='ltr'><strong>revelantia,</strong></span> <span class='ocrx_word' id='word_1_315' title='bbox 1243 3824 1285 3889; x_wconf 79' lang='lat' dir='ltr'><strong>aui</strong></span> <span class='ocrx_word' id='word_1_316' title='bbox 1308 3835 1359 3876; x_wconf 91' lang='lat' dir='ltr'><strong>nec</strong></span> <span class='ocrx_word' id='word_1_317' title='bbox 1375 3823 1468 3876; x_wconf 77' lang='lat' dir='ltr'><strong>lallare</strong></span> <span class='ocrx_word' id='word_1_318' title='bbox 1567 3827 1568 3848; x_wconf 66' lang='lat'>³</span> 
     </span>
    </p>
   </div>
   <div class='ocr_carea' id='block_1_15' title="bbox 229 3902 1467 4060">
    <p class='ocr_par' dir='ltr' id='par_1_15' title="bbox 229 3902 1467 4060">
     <span class='ocr_line' id='line_1_33' title="bbox 229 3902 1467 3984; baseline -0.001 -22"><span class='ocrx_word' id='word_1_319' title='bbox 229 3922 278 3964; x_wconf 89' lang='lat' dir='ltr'><strong>nec</strong></span> <span class='ocrx_word' id='word_1_320' title='bbox 295 3911 349 3963; x_wconf 89' lang='lat' dir='ltr'><strong>lalli</strong></span> <span class='ocrx_word' id='word_1_321' title='bbox 368 3902 475 3984; x_wconf 56' lang='lat' dir='ltr'><strong>pateo„</strong></span> <span class='ocrx_word' id='word_1_322' title='bbox 498 3909 540 3961; x_wconf 82' lang='lat' dir='ltr'><strong>Est</strong></span> <span class='ocrx_word' id='word_1_323' title='bbox 558 3909 625 3962; x_wconf 84' lang='lat' dir='ltr'><strong>enini</strong></span> <span class='ocrx_word' id='word_1_324' title='bbox 645 3907 718 3972; x_wconf 79' lang='lat' dir='ltr'><strong>tues,</strong></span> <span class='ocrx_word' id='word_1_325' title='bbox 740 3913 852 3962; x_wconf 89' lang='lat' dir='ltr'><strong>testante</strong></span> <span class='ocrx_word' id='word_1_326' title='bbox 871 3910 997 3973; x_wconf 84' lang='lat' dir='ltr'><strong>apostata.</strong></span> <span class='ocrx_word' id='word_1_327' title='bbox 1020 3917 1199 3974; x_wconf 76' lang='lat' dir='ltr'><strong>argumentum</strong></span> <span class='ocrx_word' id='word_1_328' title='bbox 1219 3923 1271 3963; x_wconf 91' lang='lat' dir='ltr'><strong>non</strong></span> <span class='ocrx_word' id='word_1_329' title='bbox 1289 3908 1467 3974; x_wconf 90' lang='lat' dir='ltr'><strong>apparentium</strong></span> 
     </span>
     <span class='ocr_line' id='line_1_34' title="bbox 229 3995 445 4060; baseline -0.005 -12"><span class='ocrx_word' id='word_1_330' title='bbox 229 3995 321 4058; x_wconf 83' lang='lat' dir='ltr'><strong>(ileur.</strong></span> <span class='ocrx_word' id='word_1_331' title='bbox 340 3996 379 4060; x_wconf 89' lang='lat' dir='ltr'><strong>iil,</strong></span> <span class='ocrx_word' id='word_1_332' title='bbox 399 3997 445 4060; x_wconf 88' lang='lat' dir='ltr'><strong>l.).</strong></span> 
     </span>
    </p>
   </div>
   <div class='ocr_carea' id='block_1_16' title="bbox 229 4099 1567 4252">
    <p class='ocr_par' dir='ltr' id='par_1_16' title="bbox 229 4099 1567 4252">
     <span class='ocr_line' id='line_1_35' title="bbox 331 4099 1567 4191; baseline -0.001 -39"><span class='ocrx_word' id='word_1_333' title='bbox 331 4099 363 4152; x_wconf 88' lang='lat' dir='ltr'><strong>ut</strong></span> <span class='ocrx_word' id='word_1_334' title='bbox 381 4099 544 4155; x_wconf 87' lang='lat' dir='ltr'><strong>nilrtlominus</strong></span> <span class='ocrx_word' id='word_1_335' title='bbox 563 4099 623 4154; x_wconf 84' lang='lat' dir='ltr'><strong>llrlel</strong></span> <span class='ocrx_word' id='word_1_336' title='bbox 640 4105 747 4155; x_wconf 82' lang='lat' dir='ltr'><strong>nostrae</strong></span> <span class='ocrx_word' id='word_1_337' title='bbox 766 4101 918 4165; x_wconf 80' lang='lat' dir='ltr'><strong>obseouium</strong></span> <span class='ocrx_word' id='word_1_338' title='bbox 937 4101 1029 4154; x_wconf 86' lang='lat' dir='ltr'><strong>rationi</strong></span> <span class='ocrx_word' id='word_1_339' title='bbox 1050 4104 1251 4156; x_wconf 86' lang='lat' dir='ltr'><strong>consentaneum</strong></span> <span class='ocrx_word' id='word_1_340' title='bbox 1271 4103 1358 4163; x_wconf 85' lang='lat' dir='ltr'><strong>esset,</strong></span> <span class='ocrx_word' id='word_1_341' title='bbox 1389 4100 1469 4152; x_wconf 79' lang='lat' dir='ltr'><strong>uoluit</strong></span> <span class='ocrx_word' id='word_1_342' title='bbox 1566 4143 1567 4191; x_wconf 28' lang='grc' dir='ltr'><strong>ἦ</strong></span> 
     </span>
     <span class='ocr_line' id='line_1_36' title="bbox 229 4185 1467 4252; baseline -0.001 -13"><span class='ocrx_word' id='word_1_343' title='bbox 229 4187 296 4240; x_wconf 79' lang='lat' dir='ltr'><strong>Deua</strong></span> <span class='ocrx_word' id='word_1_344' title='bbox 321 4197 378 4238; x_wconf 85' lang='lat' dir='ltr'><strong>curm</strong></span> <span class='ocrx_word' id='word_1_345' title='bbox 403 4185 512 4240; x_wconf 83' lang='lat' dir='ltr'><strong>internis</strong></span> <span class='ocrx_word' id='word_1_346' title='bbox 534 4187 643 4252; x_wconf 87' lang='lat' dir='ltr'><strong>spiritua</strong></span> <span class='ocrx_word' id='word_1_347' title='bbox 662 4188 749 4240; x_wconf 86' lang='lat' dir='ltr'><strong>Sancti</strong></span> <span class='ocrx_word' id='word_1_348' title='bbox 773 4187 873 4241; x_wconf 83' lang='lat' dir='ltr'><strong>auxiliis</strong></span> <span class='ocrx_word' id='word_1_349' title='bbox 899 4193 1006 4240; x_wconf 75' lang='lat' dir='ltr'><strong>interna</strong></span> <span class='ocrx_word' id='word_1_350' title='bbox 1027 4188 1101 4251; x_wconf 71' lang='lat' dir='ltr'><strong>iungi</strong></span> <span class='ocrx_word' id='word_1_351' title='bbox 1120 4187 1288 4240; x_wconf 78' lang='lat' dir='ltr'><strong>revelationis</strong></span> <span class='ocrx_word' id='word_1_352' title='bbox 1306 4199 1370 4239; x_wconf 86' lang='lat' dir='ltr'><strong>suae</strong></span> <span class='ocrx_word' id='word_1_353' title='bbox 1389 4198 1467 4252; x_wconf 73' lang='lat' dir='ltr'><strong>argu·</strong></span> 
     </span>
    </p>
   </div>
   <div class='ocr_carea' id='block_1_17' title="bbox 229 4271 1467 4340">
    <p class='ocr_par' dir='ltr' id='par_1_17' title="bbox 229 4271 1467 4340">
     <span class='ocr_line' id='line_1_37' title="bbox 229 4271 1467 4340; baseline -0.002 -14"><span class='ocrx_word' id='word_1_354' title='bbox 229 4279 333 4336; x_wconf 88' lang='lat' dir='ltr'><strong>menta,</strong></span> <span class='ocrx_word' id='word_1_355' title='bbox 357 4273 427 4326; x_wconf 86' lang='lat' dir='ltr'><strong>tacta</strong></span> <span class='ocrx_word' id='word_1_356' title='bbox 445 4273 541 4327; x_wconf 89' lang='lat' dir='ltr'><strong>scillcet</strong></span> <span class='ocrx_word' id='word_1_357' title='bbox 558 4274 657 4338; x_wconf 77' lang='lat' dir='ltr'><strong>iluna,</strong></span> <span class='ocrx_word' id='word_1_358' title='bbox 682 4278 759 4338; x_wconf 83' lang='lat' dir='ltr'><strong>atque</strong></span> <span class='ocrx_word' id='word_1_359' title='bbox 778 4275 894 4339; x_wconf 87' lang='lat' dir='ltr'><strong>inprimis</strong></span> <span class='ocrx_word' id='word_1_360' title='bbox 915 4275 1036 4326; x_wconf 86' lang='lat' dir='ltr'><strong>miracula</strong></span> <span class='ocrx_word' id='word_1_361' title='bbox 1055 4279 1081 4326; x_wconf 93' lang='lat' dir='ltr'><strong>et</strong></span> <span class='ocrx_word' id='word_1_362' title='bbox 1101 4273 1234 4339; x_wconf 84' lang='lat' dir='ltr'><strong>uaticinia,</strong></span> <span class='ocrx_word' id='word_1_363' title='bbox 1260 4287 1327 4340; x_wconf 80' lang='lat' dir='ltr'><strong>puae</strong></span> <span class='ocrx_word' id='word_1_364' title='bbox 1346 4285 1404 4326; x_wconf 89' lang='lat' dir='ltr'><strong>cum</strong></span> <span class='ocrx_word' id='word_1_365' title='bbox 1422 4271 1467 4324; x_wconf 86' lang='lat' dir='ltr'><strong>liei</strong></span> 
     </span>
    </p>
   </div>
   <div class='ocr_carea' id='block_1_18' title="bbox 229 4357 1566 4426">
    <p class='ocr_par' dir='ltr' id='par_1_18' title="bbox 229 4357 1566 4426">
     <span class='ocr_line' id='line_1_38' title="bbox 229 4357 1566 4426; baseline -0.001 -14"><span class='ocrx_word' id='word_1_366' title='bbox 229 4357 441 4420; x_wconf 88' lang='lat' dir='ltr'><strong>omnipotentiam</strong></span> <span class='ocrx_word' id='word_1_367' title='bbox 465 4363 492 4413; x_wconf 92' lang='lat' dir='ltr'><strong>et</strong></span> <span class='ocrx_word' id='word_1_368' title='bbox 513 4361 666 4424; x_wconf 82' lang='lat' dir='ltr'><strong>sapientiam</strong></span> <span class='ocrx_word' id='word_1_369' title='bbox 692 4361 835 4414; x_wconf 89' lang='lat' dir='ltr'><strong>luculenter</strong></span> <span class='ocrx_word' id='word_1_370' title='bbox 857 4365 1077 4426; x_wconf 86' lang='lat' dir='ltr'><strong>commonstrent,</strong></span> <span class='ocrx_word' id='word_1_371' title='bbox 1105 4361 1208 4416; x_wconf 82' lang='lat' dir='ltr'><strong>ticinae</strong></span> <span class='ocrx_word' id='word_1_372' title='bbox 1232 4359 1367 4416; x_wconf 83' lang='lat' dir='ltr'><strong>locutionis</strong></span> <span class='ocrx_word' id='word_1_373' title='bbox 1391 4360 1466 4424; x_wconf 79' lang='lat' dir='ltr'><strong>atgrm</strong></span> <span class='ocrx_word' id='word_1_374' title='bbox 1565 4363 1566 4376; x_wconf 64' lang='lat'>¹</span> 
     </span>
    </p>
   </div>
   <div class='ocr_carea' id='block_1_19' title="bbox 228 4444 1467 4618">
    <p class='ocr_par' dir='ltr' id='par_1_19' title="bbox 228 4444 1467 4618">
     <span class='ocr_line' id='line_1_39' title="bbox 228 4444 1179 4510; baseline 0.002 -14"><span class='ocrx_word' id='word_1_375' title='bbox 228 4447 289 4497; x_wconf 86' lang='lat' dir='ltr'><strong>aunt</strong></span> <span class='ocrx_word' id='word_1_376' title='bbox 307 4444 449 4498; x_wconf 84' lang='lat' dir='ltr'><strong>cerllsslma</strong></span> <span class='ocrx_word' id='word_1_377' title='bbox 467 4451 493 4500; x_wconf 91' lang='lat' dir='ltr'><strong>et</strong></span> <span class='ocrx_word' id='word_1_378' title='bbox 511 4447 625 4500; x_wconf 87' lang='lat' dir='ltr'><strong>omnium</strong></span> <span class='ocrx_word' id='word_1_379' title='bbox 645 4447 829 4510; x_wconf 74' lang='lat' dir='ltr'><strong>intelligentiae</strong></span> <span class='ocrx_word' id='word_1_380' title='bbox 846 4448 1041 4501; x_wconf 78' lang='lat' dir='ltr'><strong>accommodata</strong></span> <span class='ocrx_word' id='word_1_381' title='bbox 1044 4485 1179 4502; x_wconf 91' lang='grc'><strong>......</strong></span> 
     </span>
     <span class='ocr_line' id='line_1_40' title="bbox 332 4547 1467 4618; baseline 0.003 -17"><span class='ocrx_word' id='word_1_382' title='bbox 332 4547 416 4612; x_wconf 72' lang='lat' dir='ltr'><strong>unare</strong></span> <span class='ocrx_word' id='word_1_383' title='bbox 434 4550 500 4606; x_wconf 79' lang='lat' dir='ltr'><strong>filies</strong></span> <span class='ocrx_word' id='word_1_384' title='bbox 517 4551 574 4617; x_wconf 88' lang='lat' dir='ltr'><strong>ipsa</strong></span> <span class='ocrx_word' id='word_1_385' title='bbox 592 4552 618 4606; x_wconf 89' lang='lat' dir='ltr'><strong>in</strong></span> <span class='ocrx_word' id='word_1_386' title='bbox 636 4564 681 4616; x_wconf 81' lang='lat' dir='ltr'><strong>se,</strong></span> <span class='ocrx_word' id='word_1_387' title='bbox 708 4550 806 4606; x_wconf 86' lang='lat' dir='ltr'><strong>elluuai</strong></span> <span class='ocrx_word' id='word_1_388' title='bbox 834 4549 950 4604; x_wconf 84' lang='lat' dir='ltr'><strong>nondum</strong></span> <span class='ocrx_word' id='word_1_389' title='bbox 969 4562 1017 4617; x_wconf 91' lang='lat' dir='ltr'><strong>per</strong></span> <span class='ocrx_word' id='word_1_390' title='bbox 1034 4551 1184 4606; x_wconf 80' lang='lat' dir='ltr'><strong>claniatem</strong></span> <span class='ocrx_word' id='word_1_391' title='bbox 1203 4554 1344 4618; x_wconf 87' lang='lat' dir='ltr'><strong>operetur,</strong></span> <span class='ocrx_word' id='word_1_392' title='bbox 1370 4551 1467 4606; x_wconf 83' lang='lat' dir='ltr'><strong>lanam</strong></span> 
     </span>
    </p>
   </div>
   <div class='ocr_carea' id='block_1_20' title="bbox 0 0 1598 4942">
    <p class='ocr_par' dir='ltr' id='par_1_20' title="bbox 0 0 1598 4942">
     <span class='ocr_line' id='line_1_41' title="bbox 0 0 1598 4942; baseline 0 1"><span class='ocrx_word' id='word_1_393' title='bbox 0 0 1598 4942; x_wconf 95' lang='lat' dir='ltr'><strong> </strong></span> 
     </span>
    </p>
   </div>
  </div>
 </body>
</html>
