3186 4942
164 239 268 306 XXIV
360 230 363 237 ¹
391 255 507 314 Condi.
532 255 676 314 Vaticana·
694 271 767 314 sesa.
786 257 848 314 ΙΙΙ.Ι
884 257 931 314 De
947 257 1007 326 tide
1026 255 1188 325 catholica.

16 485 17 498 ,
164 429 256 495 fidem
280 401 392 507 sineru,
415 447 492 514 quae
515 447 569 512 por
591 427 778 496 charitatem
797 431 951 514 operatur,
974 429 1110 514 gratiam
1122 427 1181 494 Dei
1196 427 1400 494 necessariam

16 619 20 628 k
164 551 246 611 csse;
269 534 436 598 anathema
458 532 510 598 sit.

266 657 300 729 6)
323 653 356 721 Si
380 655 448 738 quis
471 653 600 730 dixerit,
623 673 730 738 parem
752 672 819 720 esse
841 653 1050 722 conditionem
1072 653 1212 720 fidelium
1234 653 1328 737 atque
1351 671 1401 718 eo-

163 778 241 836 rum,
264 759 316 844 qui
341 758 379 824 ad
403 758 495 826 fidem
518 757 608 842 unice
629 778 733 826 veram
756 756 892 825 nondum
914 759 1133 842 peruenerunt,
1168 757 1215 824 ita
1236 758 1272 822 ut
1295 755 1401 822 catho-

161 863 214 928 lici
234 863 353 947 justam
377 881 502 930 cansam
525 862 638 930 habere
660 862 788 949 possint,
810 862 913 943 fidem,
937 881 1030 946 quam
1052 862 1109 927 sub
1123 860 1279 928 Ecclesiae
1301 859 1402 944 mugi·

162 968 256 1034 sterio
274 967 340 1050 jam
362 959 580 1051 susceperunt,
615 985 741 1033 assensu
764 985 909 1051 suspenso
932 966 1115 1032 indubium
1137 964 1284 1044 uocandi,
1306 964 1402 1030 dcccc

162 1071 455 1138 demonstrationem
478 1071 682 1138 scientificum
704 1069 922 1138 credibilitatis
942 1071 974 1136 et
996 1070 1138 1137 veritatis
1161 1069 1233 1135 fidoi
1255 1087 1328 1134 snae
1343 1069 1400 1134 ab·

163 1174 330 1252 soluerint3
353 1174 521 1241 anathema
543 1173 594 1242 sit.

541 1467 603 1536 IV.
647 1465 1019 1535 DcFidactRatione.

37 1659 39 1667 ,
140 1596 257 1688 ,aad
270 1609 303 1692 i)
326 1607 360 1675 Si
382 1609 451 1695 quis
473 1607 601 1688 dixerit,
636 1608 669 1673 in
692 1607 879 1675 revelatione
901 1605 1006 1673 diviua
1027 1607 1114 1673 nulla
1135 1625 1208 1674 vera
1230 1607 1263 1672 et
1284 1607 1404 1692 proprie

163 1650 418 1796 didtadmysteria
441 1712 601 1790 contineri,
624 1711 678 1776 sed
700 1713 844 1778 universa
866 1711 939 1777 fidei
962 1712 1110 1795 dogmata
1132 1729 1219 1797 posse
1241 1731 1295 1796 per
1308 1712 1404 1778 ratio·

164 1835 235 1882 uem
260 1815 320 1882 rite
350 1817 485 1882 exultem
515 1835 531 1883 e
562 1815 756 1882 naturalibus
787 1815 945 1900 principiis
967 1814 1105 1900 intelligi
1127 1817 1159 1882 et
1181 1815 1403 1894 demonstrem

165 1919 334 1986 anathema
355 1920 407 1986 sit.

16 2035 220 2097 ,a
234 2023 249 2115 ι
267 2024 299 2108 2)
323 2021 357 2089 su
377 2023 447 2108 qua
469 2021 599 2103 enarre,
622 2021 803 2107 ananiense
825 2019 977 2101 neumas
999 2041 1037 2089 a
1060 2041 1129 2090 aum
1149 2022 1298 2090 uuonan
1324 2027 1405 2089 aaa

130 2135 133 2142 '
165 2120 278 2196 tendas
301 2147 377 2208 esse,
399 2128 436 2194 ut
458 2145 566 2194 earum
589 2127 784 2207 assertiones,
807 2127 867 2193 etsi
890 2126 1048 2194 doctrinae
1069 2127 1225 2195 revelatae
1240 2128 1405 2194 adversen-

164 2233 239 2311 tur,
272 2233 421 2316 tanquam
451 2249 542 2298 verae
570 2231 719 2311 retineri,
754 2249 852 2316 neque
874 2231 912 2297 ab
935 2229 1074 2298 Ecclesia
1096 2231 1245 2316 proscribi
1268 2232 1404 2317 possint;

165 2333 333 2402 anathema
356 2335 408 2402 sit.

269 2458 302 2543 3)
324 2453 357 2524 Si
379 2455 448 2540 quis
470 2455 592 2536 dixerit,
615 2453 683 2521 fieri
705 2471 810 2538 posse,
833 2456 870 2521 nt
890 2455 1089 2542 dogmatibus
1112 2455 1151 2522 ab
1174 2455 1314 2523 Ecclesia
1336 2473 1406 2540 pro·

164 2559 289 2644 positis,
323 2558 490 2644 aliquando
512 2559 680 2626 secuudum
703 2576 901 2643 progressum
923 2561 1071 2628 scientiae
1093 2577 1200 2626 sensus
1222 2560 1405 2626 tribuendus

164 2665 207 2730 sit
229 2649 308 2732 ali'us
331 2665 369 2730 ab
393 2682 445 2746 eo,
467 2682 557 2750 quem
580 2662 735 2730 intellexit
754 2663 788 2728 et
807 2663 959 2750 intelligit
979 2663 1135 2742 Ecclesim
1164 2664 1331 2730 anathema
1353 2663 1404 2730 sit.

268 2785 380 2869 ltaque
414 2785 550 2870 supremi
582 2783 748 2870 pastoralis
781 2784 889 2852 Nostri
919 2779 1017 2856 oflicii
1038 2784 1178 2852 debitum
1211 2787 1405 2870 exequentes,

165 2907 271 2956 omues
294 2889 543 2970 christifideles,
587 2886 725 2954 maxime
742 2906 813 2953 uero
836 2909 905 2968 eos,
940 2889 995 2975 qni
1023 2891 1171 2974 praesunt
1198 2889 1249 2955 vel
1277 2889 1406 2956 docendi

165 3012 292 3060 munere
317 2993 511 3078 funguntur,
544 3011 599 3076 per
628 2992 746 3058 uiscera
768 2991 844 3058 Jesu
868 2991 986 3059 Christi
1010 2994 1224 3072 obtestamur,
1261 3011 1317 3060 nec
1345 3011 1404 3059 uon

64 3157 65 3160 ,
165 3096 303 3182 eJuadem
326 3095 385 3163 Dei
407 3096 440 3163 et
462 3095 630 3164 Salvatoris
653 3095 749 3162 nostri
773 3096 958 3163 auctoritate
978 3097 1137 3181 jubemus,
1159 3098 1195 3162 ut
1217 3098 1256 3163 ud
1280 3097 1334 3163 hos
1358 3115 1406 3162 er-

166 3215 249 3265 rores
272 3219 291 3265 a
313 3198 425 3305 Sancta
449 3200 588 3266 Ecclesia
622 3199 769 3267 arcendos
791 3201 823 3266 et
845 3199 1067 3282 eliminandos,
1104 3202 1198 3286 atque
1224 3201 1405 3285 purissimae

165 3303 236 3370 fidei
259 3303 361 3370 lucem
383 3304 579 3389 pandendam
600 3305 739 3372 studium
762 3307 795 3372 et
816 3322 939 3389 operam
963 3300 1131 3372 coniciant.

268 3423 420 3505 Quoniam
443 3442 513 3491 vero
536 3425 613 3490 satis
638 3442 699 3490 uon
722 3427 786 3506 est,
818 3423 1009 3491 haereticam
1038 3425 1227 3510 pravitatem
1256 3423 1404 3505 devitare,

164 3525 225 3592 nisi
247 3527 271 3592 ii
292 3545 412 3611 quoque
435 3547 552 3594 errores
575 3527 742 3612 diligenter
762 3527 945 3615 fugiantur,
977 3529 1031 3616 qui
1062 3529 1102 3596 ad
1129 3529 1218 3594 illam
1245 3528 1315 3611 plus
1345 3528 1405 3594 uri·

165 3648 260 3695 unsre
282 3629 449 3708 acceduut;
481 3649 586 3697 omnes
609 3631 889 3713 officiimonemus,
913 3633 1055 3700 seruandi
1078 3633 1171 3700 etiam
1196 3631 1402 3712 Constitutio-

164 3752 219 3800 nes
240 3735 273 3800 et
294 3733 447 3815 Decreta,
481 3735 593 3818 quibus
614 3753 727 3819 pravae
749 3735 901 3820 eJusmodi
923 3736 1099 3821 opiniones,
1137 3755 1215 3821 quae
1235 3735 1330 3803 isthic
1352 3735 1402 3800 di·

164 3837 245 3903 serte
268 3855 327 3904 non
348 3838 578 3918 annumerantur,
602 3837 641 3904 ab
664 3837 722 3905 huc
744 3836 876 3933 Sanctap
897 3837 976 3907 Sede
998 3839 1186 3924 proscriptae
1208 3841 1241 3906 et
1262 3837 1401 3926 prohibi-

164 3942 217 4007 tae
238 3941 384 4110 suStatum
407 4043 523 4110 Romae
543 4042 577 4108 iu
597 4043 722 4128 publica
744 4044 883 4114 Sessioue
904 4046 937 4112 in
959 4047 1113 4113 Vaticana
1134 4046 1270 4115 Basilica
1291 4047 1403 4114 solem·

164 4147 247 4214 niter
268 4147 422 4214 celebrata
453 4165 532 4214 anno
559 4147 785 4216 Iucaruationis
815 4149 994 4219 Dominicae
1014 4151 1254 4232 Muuuuuxx,
1276 4152 1327 4228 die
1349 4152 1400 4218 24.

165 4251 291 4337 Aprilis.
318 4252 523 4320 Pontificatns
545 4252 655 4320 Nostri
677 4273 756 4321 anuo
781 4255 833 4321 24.

457 4458 626 4542 Joacptco,
649 4459 750 4544 episc.
773 4459 805 4528 S.
827 4358 989 4547 Illissopgslgt.
1011 4459 1161 4530 Secretur.
1186 4461 1276 4532 Cone.
1298 4461 1400 4528 Vatia
