3186 4942
198 150 262 220 XII
428 168 542 228 soma.
565 168 712 228 Vaticana
729 185 802 230 aaa.
820 170 884 228 nr.-
920 170 967 229 ne
986 170 1046 241 nee
1065 171 1227 230 mesina.

200 346 346 428 sportam,
370 343 424 410 sed
447 344 570 427 propter
593 342 810 410 auctoritatem
833 342 930 429 ipsius
954 343 1013 410 Dei
1032 343 1208 426 revelantia,
1231 341 1285 428 qui
1300 361 1356 410 neo
1372 341 1443 410 falli
1574 425 1575 428 Ἴ

198 469 254 516 neo
275 449 382 516 fallere
402 448 513 532 potest.
539 447 616 513 list
637 448 717 514 enim
740 447 837 530 tides,
868 450 1006 514 testante
1029 447 1197 532 Apostolo,
1219 447 1442 536 sperandarum

198 553 374 620 substantia
388 573 501 631 rerum,
518 553 736 637 argumentum
752 572 813 620 non
827 553 1043 638 apparentium
1060 551 1314 637 (Hebr.XI.,1.).

108 649 1037 846 '‘llereitaliiiiiilatuistis,
1061 657 1184 827 {iili
1203 657 1443 847 ittiilli

198 867 395 934 revelationis
417 885 492 932 suae
515 867 719 952 argumenta,
757 866 842 932 iaetu
864 865 983 932 scilieet
1005 865 1132 946 divine,
1172 866 1266 949 atque
1288 865 1443 949 imprimis

199 969 350 1037 miracula
371 972 403 1036 ot
425 970 622 1055 prophetias,
656 989 734 1054 quae
761 989 832 1037 oum
853 969 913 1036 Dei
942 970 1196 1054 omnipotentiam
1227 971 1260 1038 et
1285 968 1444 1036 infinitam

199 1075 359 1141 seientiam
382 1074 559 1140 luculenter
581 1075 844 1153 commonstrent,
878 1073 1001 1140 divinae
1030 1074 1227 1142 revelationis
1256 1074 1443 1160 signarunt

200 1179 372 1246 oertissima
393 1180 427 1245 et
448 1178 585 1244 omnium
607 1177 836 1270 intelligentiae
858 1177 1101 1246 accommodata.
1147 1178 1249 1260 Quare
1271 1180 1339 1245 tum
1354 1177 1444 1265 Moy·

201 1302 249 1350 ses
273 1285 305 1350 et
327 1283 511 1368 Prophetae,
534 1284 602 1349 tum
623 1283 688 1367 ipse
710 1283 844 1350 maxime
867 1281 1011 1350 Christus
1033 1284 1184 1350 Dominus
1205 1283 1306 1350 multa
1325 1284 1357 1348 et
1376 1303 1444 1350 ma-

201 1387 400 1453 nifestissima
423 1387 573 1454 miraoula
602 1389 634 1456 et
656 1387 834 1471 prophetias
856 1387 1035 1466 ediderunt3
1068 1391 1100 1454 et
1123 1388 1161 1454 de
1182 1386 1341 1473 apostolis
1363 1387 1444 1472 legi·

202 1493 287 1557 mus:
332 1491 384 1557 Illi
406 1496 511 1557 autem
534 1489 663 1574 proiecti
684 1491 939 1575 praedicaverunt
953 1491 1079 1577 utique,
1102 1491 1234 1558 Domino
1249 1493 1442 1577 oooperante,

201 1597 233 1663 et
255 1613 426 1662 sermonem
448 1593 658 1675 confirmante,
682 1595 882 1679 sequentibus
904 1595 1002 1682 signis
1029 1595 1137 1680 (Maro.
1161 1595 1258 1675 XVI,
1280 1596 1356 1682 20.).
1400 1595 1443 1662 lit

201 1719 324 1766 rursum
347 1699 495 1784 seriptum
518 1701 583 1764 est:
627 1697 788 1766 Habemus
818 1699 986 1767 firmiorem
1015 1701 1230 1784 propheticum
1261 1719 1441 1781 sermonem,

202 1805 253 1870 oui
275 1805 352 1871 bone
374 1802 476 1869 facitis
500 1801 695 1869 attendentes
717 1804 807 1888 quasi
828 1803 1113 1871 lucernae'luoenti
1135 1805 1168 1871 in
1192 1804 1359 1891 caliginoso
1373 1805 1442 1870 looo

205 1908 248 1992 (2.
273 1907 358 1975 Petr.
381 1908 417 1986 1,
442 1908 516 1994 19.).

136 2291 394 2405 «ᾑΏῖἕῨ··’ἶῗῡῙιίοοῦ
415 2321 520 2390 autem
541 2321 615 2388 fidoi
637 2341 779 2391 assensus
801 2341 996 2410 nequaquam
1016 2325 1058 2389 sit
1080 2325 1183 2390 motus
1206 2324 1301 2391 animi
1317 2341 1442 2390 oaeous:

203 2386 301 2492 lemt'
315 2429 419 2492 tamm
442 2426 639 2512 evangelicae
661 2426 884 2511 praedicationi
907 2427 1081 2494 consentire
1103 2429 1229 2513 potest,
1251 2427 1334 2494 siout
1354 2446 1444 2512 opor·
1576 2455 1577 2480 1

203 2531 251 2596 tet
274 2529 468 2596 adsalutem
491 2530 758 2617 consequendam,
792 2532 907 2616 absquo
929 2531 1158 2599 illuminatione
1189 2535 1221 2600 et
1242 2533 1443 2618 inspiratione
1576 2525 1577 2542 ¹

204 2633 338 2718 Spiritus
360 2633 476 2715 Sancti,
499 2635 551 2720 qui
574 2635 629 2702 dat
650 2636 793 2702 omnibus
814 2636 1001 2703 suavitatem
1024 2635 1057 2702 in
1079 2637 1296 2705 consentiendo
1319 2639 1352 2704 et
1374 2651 1441 2704 ore-

205 2738 304 2806 denrlo
333 2735 460 2806 veritati
489 2737 574 2824 (Syn.
605 2738 716 2806 Araus.
738 2739 779 2806 ΙΙ.
809 2757 876 2806 ean.
900 2739 955 2824 7.).
991 2737 1102 2836 ‘Quare
1135 2738 1212 2807 fides
1245 2740 1313 2826 ipsa
1341 2741 1374 2806 in
1400 2759 1442 2821 se,

206 2841 330 2910 etiamsi
351 2861 407 2926 per
427 2840 613 2909 charitatem
636 2863 697 2910 non
719 2845 879 2929 operetur,
908 2843 1022 2910 donum
1045 2843 1103 2909 Dei
1125 2845 1188 2926 est,
1212 2845 1245 2910 et
1266 2846 1354 2910 aetus
1376 2843 1443 2927 ejus
1576 2839 1577 2868 ¹

205 2949 253 3013 est
275 2964 351 3031 opus
373 2943 413 3011 ad
435 2945 570 3012 salutem
591 2947 766 3032 pertinens,
790 2966 850 3032 quo
872 2947 963 3013 homo
985 2945 1116 3014 literam
1138 2949 1278 3032 praestat
1295 2948 1355 3033 ipsi
1378 2948 1443 3016 Deo
1576 2939 1577 2976 ³

205 3049 427 3238 ἓξὲξῐιὲῗαω,
456 3051 577 3134 gratiae
600 3049 682 3135 ojus,
712 3051 761 3117 oui
784 3051 928 3118 resistere
949 3052 1070 3138 posset,
1101 3052 1316 3120 consentiendo
1339 3056 1372 3120 et
1393 3069 1443 3117 oo·

59 3452 146 3506 *¹¹⁴⁶*
178 3421 406 3562 nwfstspfflo
428 3463 488 3531 lide
510 3463 617 3532 divina
646 3465 679 3530 ot
699 3463 853 3532 catholiea
880 3485 917 3532 oa
940 3465 1044 3534 omnia
1066 3465 1217 3532 iredenda
1239 3469 1333 3546 eunt,
1367 3484 1445 3551 quae
1576 3483 1577 3494 ¹

206 3569 240 3636 in
263 3569 354 3636 verbo
376 3569 434 3635 Dei
458 3569 572 3654 seripto
592 3569 641 3636 vel
664 3569 779 3636 tradito
802 3570 1007 3653 eontinentur,
1031 3573 1064 3638 et
1085 3572 1123 3638 ab
1147 3571 1286 3639 Eoolesie
1309 3573 1373 3638 sire
1395 3591 1445 3638 so·

170 3713 176 3722 ·
206 3674 302 3740 lemni
321 3672 438 3758 jndioio
466 3674 530 3740 sive
559 3673 713 3740 ordinario
739 3673 772 3739 et
792 3673 960 3742 universali
982 3675 1162 3762 magisterio
1185 3675 1344 3760 tamquam
1367 3673 1445 3741 diri·

145 3783 150 3798 “
207 3777 292 3844 nitus
313 3777 452 3844 revelata
473 3777 626 3845 eradenda
647 3780 866 3862 proponuntur.

311 4085 462 4168 Quoniam
483 4105 554 4153 vero
577 4084 642 4152 sine
664 4085 724 4153 filo
746 4087 936 4173 impossibile
959 4089 1007 4155 eet
1028 4087 1149 4172 plaeere
1161 4087 1237 4169 Deo,
1260 4089 1293 4155 et
1312 4089 1353 4155 ad
1367 4087 1446 4154 lilio-

207 4211 275 4258 rum
299 4191 366 4276 ejus
388 4189 576 4257 consortium
599 4191 773 4274 pervenire;
793 4190 862 4258 ileo
885 4191 1001 4258 nemini
1021 4209 1158 4274 unquam
1181 4190 1246 4258 sine
1268 4190 1324 4256 illa
1346 4190 1445 4256 oonti·
1576 4183 1577 4186 ’

208 4297 257 4382 git
275 4288 475 4381 justificatio,
504 4313 560 4362 neo
582 4295 683 4375 ullus,
709 4295 771 4361 nisi
791 4295 825 4362 in
847 4313 884 4361 ea
904 4295 1146 4379 perseveraverit
1166 4314 1264 4379 nequo
1286 4295 1319 4359 in
1341 4293 1445 4373 linem,

207 4399 306 4467 uitam
328 4401 486 4467 aeternam
509 4401 699 4486 assequetur.
742 4395 786 4467 Ut
808 4399 913 4467 autem
942 4397 1044 4468 ollioio
1066 4417 1171 4468 reram
1192 4397 1286 4466 fidem
1307 4397 1444 4484 umpleo·
