3186 4942
256 335 383 398 Sciam
401 343 523 398 constit.
541 343 579 398 de
598 333 768 414 temporali
787 337 904 400 Sancta
922 333 1011 400 Sedis
1029 337 1166 400 domino.
1216 319 1393 394 LXXXVH

253 548 295 562 -
319 551 358 562 -
381 512 429 580 De
451 513 510 581 hac
537 515 637 581 altera
667 499 836 598 (potestate
864 514 1104 600 jurisdictionis)
1137 515 1299 598 docemus,
1324 535 1392 583 eam

150 637 210 684 non
232 618 331 684 solum
353 637 420 685 esse
442 618 502 684 fori
523 617 639 684 intorni
662 620 695 686 et
717 618 962 698 sacramentalis,
985 618 1039 685 sed
1063 617 1159 684 etiam
1187 620 1245 708 fori
1274 622 1392 688 externi

148 739 185 788 ac
207 722 333 806 publici,
373 723 549 790 absolutam
583 725 677 808 atquc
710 724 833 789 omnino
867 724 1001 807 plenam,
1037 723 1184 789 nimirum
1217 724 1391 811 legiferam,

146 825 347 911 judiciariam
386 826 420 893 et
456 825 663 894 coercitivam.
731 827 902 894 Potestatis
946 829 1052 894 autern
1091 827 1269 914 hujusmodi
1317 830 1390 897 sub-

144 930 265 1014 jeetum
298 931 371 996 sunt
408 932 556 997 Pastores
588 933 621 997 et
654 932 802 998 Doctores
836 931 1002 1011 aOhristo
1026 930 1103 1011 dati,
1126 933 1179 1016 qui
1202 951 1271 999 eam
1293 933 1391 1000 libere

147 1041 178 1102 et
198 1057 220 1102 a
241 1037 353 1119 panis
374 1037 534 1102 scendum
558 1036 770 1102 deminutione
798 1037 1039 1120 independenter
1066 1043 1224 1120 ecerccnt;
1254 1036 1390 1122 adeoque

149 1159 221 1206 cum
242 1139 326 1206 omni
346 1139 476 1223 imperio
499 1141 613 1224 regunt
634 1140 806 1208 Ecclesiam
827 1141 886 1207 Dei
908 1143 977 1207 tum
1000 1141 1180 1207 necessariis
1210 1142 1242 1208 et
1272 1141 1391 1208 consci-

150 1243 267 1310 entiam
279 1261 398 1329 quoque
409 1241 618 1328 obligantibus
629 1244 752 1330 legibus
766 1247 834 1311 tum
847 1245 1026 1311 decretoriis
1035 1244 1173 1330 judiciis,
1186 1245 1390 1329 tnnrdeniqne

152 1348 349 1415 salmacidae
365 1349 478 1430 poenis
497 1347 530 1414 in
545 1350 650 1416 sontes
662 1350 755 1416 etiam
779 1350 904 1429 invitos,
927 1369 983 1415 nec
996 1349 1095 1414 solum
1107 1349 1191 1415 iniis
1203 1368 1282 1433 quae
1296 1349 1389 1416 fidem

150 1455 184 1518 et
205 1470 316 1531 mores,
338 1453 458 1519 cultum
481 1454 514 1519 et
536 1453 823 1534 sanctificationem,
843 1453 899 1519 sed
919 1453 953 1519 in
975 1452 1015 1518 iis
1031 1454 1125 1519 etiam
1138 1461 1390 1536 qnceentcrnam

147 1553 312 1623 Eccboiae
334 1559 536 1640 discplinam
557 1544 586 1624 ct
607 1557 915 1624 administrationem
936 1556 1116 1642 respiciunt.
1138 1557 1227 1623 Unde
1250 1557 1389 1624 Ecclesia

147 1659 427 1745 christipotens
448 1663 582 1727 societas
604 1659 757 1727 credenda
786 1663 843 1728 est.
895 1661 982 1727 Haec
1013 1661 1119 1727 autern
1146 1679 1220 1727 vera
1251 1663 1284 1726 et
1324 1661 1391 1727 tam

149 1764 224 1831 felix
239 1763 357 1830 Christi
378 1764 518 1832 Ecclesia
541 1765 605 1831 aha
627 1783 687 1831 non
710 1766 758 1832 est
779 1767 903 1850 praeter
924 1784 1028 1846 unam,
1041 1765 1192 1846 sanctam,
1205 1763 1390 1832 catholicam

147 1869 182 1935 et
203 1868 404 1952 apostolicam
427 1868 609 1935 Romanam.

252 1973 330 2057 Gap.
356 1973 421 2040 XI.
444 1972 496 2040 De
517 1973 610 2040 Rern.
642 1971 807 2056 Pontificio
829 1972 978 2063 primata
1005 1971 1087 2055 (pag.
1119 1971 1388 2057 18-23.)-vg1.

148 2076 210 2144 den
231 2077 379 2144 Entvurf
392 2078 434 2143 im
447 2076 564 2144 Archiv
575 2077 633 2166 Bd.
646 2077 761 2144 XXIV.
773 2095 843 2162 pag.
855 2076 966 2143 XLIV.
990 2075 1022 2142 ff.
1045 2076 1109 2142 und
1132 2075 1182 2141 die
1203 2074 1392 2142 oatrsnende

150 2181 360 2248 Constitution
383 2182 428 2247 irn
448 2180 564 2248 Archiv
586 2181 644 2248 Bd.
666 2179 782 2261 xxiv,
805 2181 937 2266 phil.
961 2179 1067 2248 latein
1090 2178 1153 2245 und
1176 2179 1315 2246 deutsch.

252 2285 329 2368 cap.
355 2285 441 2352 XII.
465 2285 515 2352 Dc
536 2286 703 2369 temporali
723 2285 858 2353 Sanctae
879 2284 972 2353 Sedis
991 2284 1141 2351 dominio.

250 2390 294 2456 Ut
322 2391 427 2456 autern
461 2387 610 2456 Sanctum
643 2389 786 2455 Pontifex
818 2381 972 2472 primatus
1006 2387 1067 2452 sibi
1100 2385 1250 2453 divinitus
1284 2385 1391 2453 collati

148 2511 271 2574 munus,
294 2492 343 2559 uti
363 2513 419 2576 par
441 2495 500 2573 est,
534 2493 718 2577 adimpleret
750 2493 790 2556 iis
823 2490 986 2576 indigebat
1008 2489 1180 2574 praesidiis,
1210 2507 1288 2574 quae
1310 2491 1392 2575 tern-

148 2616 257 2685 porum
280 2596 448 2664 conditioni
470 2599 503 2663 et
524 2597 704 2663 necessitati
726 2595 940 2680 congruerent.
967 2593 1074 2659 ,Unde
1096 2591 1247 2677 singulari
1270 2593 1392 2660 dismas

146 2701 363 2787 providentiae
384 2701 512 2768 consilio
534 2701 652 2766 facturn
677 2699 735 2779 est,
759 2697 850 2764 utin
872 2698 964 2762 tanta
986 2696 1193 2762 saecularium
1216 2697 1390 2783 principum

147 2805 354 2873 mult'tudine
393 2806 427 2870 et
465 2803 618 2870 venciate
658 2803 797 2868 Romana
842 2820 961 2887 quoque
1005 2799 1144 2868 Ecclesia
1189 2801 1390 2886 temporalem

147 2908 391 2976 dominationem
411 2906 558 2973 haberet:
581 2925 641 2990 qno
663 2906 820 2972 &manus
842 2907 988 2991 pontifex,
1011 2923 1150 2972 summus
1172 2906 1390 2974 totiusEcele-

147 3013 214 3078 siae
236 3013 351 3096 pastor,
384 3009 462 3076 nolli
495 3009 627 3095 principi
660 3010 830 3096 subjectus,
864 3027 1040 3094 supremam
1073 3009 1209 3077 universi
1243 3009 1390 3077 dominici

147 3113 254 3204 gregis
275 3115 420 3198 pascendi
442 3115 628 3201 regendique
650 3116 837 3200 potestatem
850 3115 1110 3200 saturitatemque
1123 3116 1163 3181 ab
1181 3115 1249 3199 ipso
1266 3113 1390 3180 Christo
1507 3137 1513 3154 ·

148 3221 309 3304 acceptam
331 3239 386 3306 per
407 3219 585 3288 universum
601 3221 705 3287 orbem
728 3219 908 3304 plenissima
929 3218 1076 3284 libertate
1098 3237 1285 3286 exercereac
1297 3218 1391 3291 simul

147 3325 274 3392 facilins
297 3323 434 3391 divinam
455 3324 636 3409 religionem
659 3325 762 3409 magis
784 3325 816 3389 in
839 3323 906 3389 dies
927 3342 1042 3407 angere
1063 3323 1096 3388 et
1118 3341 1197 3406 quae
1219 3341 1274 3407 pro
1300 3342 1333 3389 xe
1356 3339 1393 3388 ac

146 3429 287 3515 tompore
305 3429 345 3496 ad
369 3429 515 3514 majorem
539 3428 635 3495 totius
666 3427 856 3494 christianae
888 3424 1077 3509 reipublicae
1110 3425 1282 3491 utilitatem
1315 3443 1387 3510 per-

146 3533 248 3600 tinere
266 3535 332 3620 ipse
354 3533 563 3618 cognosceret,
585 3531 740 3597 efficacius
759 3550 906 3616 peragere
926 3531 1038 3614 posset.
1053 3567 1093 3577 -
1109 3527 1186 3594 Cum
1211 3547 1282 3595 vero
1303 3529 1393 3614 impii

147 3635 290 3704 homines
323 3637 376 3722 qui
398 3654 500 3703 omne
533 3635 566 3701 in
598 3635 690 3702 terris
718 3635 771 3720 jus
804 3635 926 3700 mutare
960 3635 1120 3714 conantur,
1155 3631 1237 3698 hunc
1268 3633 1392 3698 civilem

148 3739 281 3807 Sanctae
312 3739 401 3808 Rom.
436 3738 594 3805 Ecclesiae
628 3738 854 3822 principatum,
888 3737 920 3802 in
943 3737 988 3802 rei
1011 3736 1199 3803 christianae
1221 3737 1336 3802 bonnm
1359 3737 1392 3802 et

148 3844 322 3911 utilitatem
355 3843 533 3911 ordinatum
567 3845 599 3908 et
631 3843 670 3909 ab
702 3861 740 3908 ea
773 3841 915 3907 omnibus
944 3841 1025 3926 juris
1055 3841 1156 3908 titulis
1178 3840 1320 3925 legitime
1343 3841 1393 3906 tot

149 3947 341 4014 saeculorum
375 3948 507 4015 decursu
540 3965 723 4031 possessum,
757 3947 866 4031 quovis
896 3945 1080 4012 insidiarum
1113 3946 1145 4010 et
1174 3944 1393 4012 violentiarum

149 4069 263 4138 genere
295 4051 485 4120 labefactare
508 4052 541 4118 et
563 4051 733 4118 convellere
756 4051 947 4134 adnitantur,
971 4069 1057 4117 sacro
1092 4049 1281 4133 approbante
1316 4051 1392 4118 Con·

150 4155 222 4222 cilio
242 4155 426 4220 innovantes
447 4153 542 4240 hujus
563 4154 760 4240 Apostolicae
781 4140 863 4221 sedis
891 4173 927 4221 ac
956 4153 1207 4238 praecedentium
1237 4153 1391 4222 Concilio-

150 4279 220 4327 rum
240 4257 360 4344 judicia
382 4277 418 4324 ae
440 4259 574 4340 decreta,
597 4260 781 4325 damnamus
804 4259 897 4344 atque
925 4258 1161 4342 proscribimus,
1188 4260 1256 4324 tum
1287 4279 1393 4326 eorum

150 4365 320 4431 hereticam
353 4364 526 4429 doctrinam
557 4364 609 4448 qui
643 4363 803 4430 affirmant
837 4380 1009 4448 repugnare
1033 4363 1099 4448 juri
1121 4360 1243 4444 divino,
1267 4364 1302 4428 ut
1323 4381 1391 4428 curn

149 4467 306 4554 spirituali
328 4468 485 4553 potestate
502 4467 533 4532 in
556 4467 644 4536 Rom.
668 4467 873 4534 Pontificibus
892 4467 1081 4552 principahns
1104 4466 1204 4536 civilis
1220 4465 1393 4549 conjunga—
1471 4548 1474 4554 ¹

149 4574 212 4652 tur,
235 4575 303 4638 tum
325 4590 503 4658 perversam
526 4589 631 4638 eorum
655 4573 842 4640 sententiam
865 4572 918 4657 qui
939 4570 1130 4639 contendunt
1151 4567 1310 4636 Ecclesiae
1333 4583 1394 4628 non

151 4695 227 4758 esse,
252 4677 290 4743 de
312 4676 406 4762 hujus
428 4677 743 4766 principatusff'eivilis
766 4675 805 4742 ad
827 4677 971 4763 generale
995 4675 1183 4744 christianae
1205 4667 1394 4752 reipublicae

135 4777 142 4784 ’
1097 4773 1186 4840 VII'
