3202 4934
154 335 285 395 Schema
303 341 397 394 const.
416 341 453 394 de
471 348 550 408 apoc.
569 337 652 409 pato.
670 337 786 395 Ecetra.
805 339 866 408 ior.
886 340 921 394 io
939 335 1029 394 relat.
1048 335 1091 392 od
1107 351 1169 393 eoc-
1189 335 1271 392 civil.
1290 307 1417 392 Xfflll⁸

97 521 104 529 ·
155 507 311 576 Ecclesiae
331 528 369 576 ac
390 509 529 578 fidelium
548 509 621 598 jura
641 509 795 576 inuadunt
817 509 850 576 et
871 509 994 576 tentam
1016 508 1076 594 ipsi
1099 508 1164 576 Dec
1199 527 1235 576 ac
1268 509 1393 577 sanctam

153 613 295 699 religioni
318 613 489 680 catholicae
511 613 651 698 irrogant
671 612 831 699 injuriam.

255 717 316 784 Hic
336 736 426 802 porro
454 718 547 784 aliam
571 717 756 802 sacrilegam
786 716 984 801 injustitiam,
1014 735 1094 801 queo
1121 715 1228 784 contra
1257 717 1391 782 matrem

153 821 325 892 Ecclesiam
361 821 529 888 crudeliter
564 823 596 888 at
627 821 660 886 in
694 821 759 888 dies
790 821 886 886 latius
915 823 1086 907 grassatur,
1108 821 1224 886 iterum
1246 818 1394 886 damnare

154 927 187 992 et
206 925 484 1012 perniciosissimas
506 924 657 1004 fallacias,
680 926 792 1010 quibus
814 925 954 992 homines
976 925 1139 994 mendaces
1150 924 1238 992 illam
1250 922 1394 993 obvelare

153 1028 293 1110 student,
312 1031 503 1116 proscribere
525 1049 649 1096 necesse
677 1030 765 1096 nobis
796 1030 852 1096 est.
890 1029 1008 1096 Dicunt
1032 1028 1191 1106 uimimm,
1209 1025 1394 1114 J‘nsEcclc·

152 1133 217 1202 siaa
242 1135 433 1220 acquirendi
477 1135 511 1201 et
549 1134 725 1218 possidendi
768 1134 848 1200 bone
889 1133 1087 1218 tomporalia,
1119 1151 1185 1200 esse
1218 1132 1394 1215 subiectum

155 1237 285 1304 arbitrio
329 1239 431 1305 status
473 1237 609 1322 politici,
655 1239 687 1304 et
734 1237 773 1303 ab
818 1237 885 1322 ejus
929 1237 1027 1304 libera
1070 1235 1263 1304 concessione
1303 1235 1393 1322 jugi-

156 1341 205 1406 tor
233 1341 383 1426 pendere,
411 1341 457 1408 ita
485 1343 521 1408 ut
549 1341 687 1428 potestas
715 1339 843 1424 politica
872 1341 903 1406 ui
933 1359 1009 1407 suae
1038 1359 1197 1425 supremae
1224 1339 1395 1406 auctorita·

155 1462 198 1528 tis
219 1464 317 1546 possit
338 1462 416 1528 illud
435 1463 487 1548 jm
510 1462 639 1542 abolere,
663 1462 798 1546 latisque
821 1461 943 1546 legibus
966 1461 1026 1529 sibi
1046 1461 1203 1528 uindicare
1216 1461 1395 1529 uclntbona

154 1565 277 1632 domino
310 1585 417 1647 uacua,
440 1585 517 1650 quae
548 1565 689 1651 legitimo
723 1566 922 1650 proprietatis
949 1565 1044 1631 titulo
1066 1567 1139 1632 snut
1164 1567 1196 1630 in
1218 1565 1395 1650 possesione

153 1669 320 1749 Ecclesiae,
355 1672 411 1737 aut
443 1670 613 1750 affirmant,
648 1669 881 1754 dispositionem
916 1689 953 1736 ac
975 1669 1225 1737 distributionem
1245 1671 1395 1736 bonorum

152 1774 431 1842 ecclesiasticomm
452 1794 513 1842 non
536 1793 623 1840 seem
645 1793 682 1841 ec
704 1792 818 1852 eornm,
843 1793 921 1858 quas
943 1775 1069 1859 publica
1099 1775 1172 1841 snut
1205 1773 1301 1840 totius
1335 1791 1394 1838 na-

154 1877 259 1958 tionis,
289 1879 445 1963 portinere
464 1879 505 1944 ad
527 1878 668 1946 nativum
700 1877 753 1962 jus
775 1895 936 1962 supremae
959 1877 1124 1963 potestatis
1146 1877 1300 1963 politicae.
1322 1876 1394 1942 Hu-

150 1981 288 2067 juemcdi
311 1983 415 2048 autem
438 1982 590 2066 peruersis
610 1981 757 2050 doctrinis
779 1981 1004 2068 impugnentur
1021 1982 1093 2066 J'urn
1107 1981 1263 2048 Ecclesiae
1286 1981 1397 2046 certis·

155 2086 242 2167 sima,
266 2105 392 2169 quaeex
405 2085 550 2170 ipsaejna
563 2084 800 2152 diuinitusdata
813 2085 1236 2171 constitutionspromanant.
1260 2077 1398 2150 Ecclesia

155 2207 287 2274 namque
310 2209 379 2256 cum
402 2191 445 2256 sit
463 2193 605 2274 perfecta
626 2189 757 2257 societas
789 2191 892 2256 diuino
924 2191 996 2277 jure
1029 2191 1209 2270 constitnit,
1246 2207 1396 2273 superna·

154 2293 266 2361 turalis
288 2295 412 2379 quidem
436 2295 489 2360 sed
511 2296 620 2361 cadem
643 2296 774 2362 societas
796 2296 928 2362 visibilis
951 2315 986 2363 ex
1009 2297 1184 2364 hominibus
1207 2295 1240 2360 et
1269 2293 1308 2359 ad
1341 2292 1397 2360 bo·

155 2397 273 2464 minum
294 2397 428 2466 salntem
450 2400 483 2465 in
504 2399 597 2464 terrie
608 2399 789 2478 consistens,
811 2401 975 2485 propterea
996 2403 1089 2468 rebus
1111 2401 1207 2467 otiam
1222 2395 1398 2464 visibilibus

155 2505 188 2570 et
209 2503 343 2570 externis
369 2505 464 2587 atque
495 2502 578 2568 inter
606 2502 683 2568 haec
712 2504 800 2570 bonis
830 2523 950 2589 quoqne
979 2504 1200 2588 temporalibus
1221 2501 1332 2567 utitur.
1357 2533 1397 2549 -

158 2607 210 2673 Ad
232 2608 314 2674 hanc
335 2609 418 2674 enim
440 2627 528 2673 suam
550 2607 729 2673 missionem
751 2609 893 2675 Ecclesia
925 2607 1058 2673 visibilis
1087 2626 1125 2673 ex
1145 2609 1258 2672 natura
1280 2623 1336 2670 sna
1365 2606 1398 2671 et

159 2731 196 2779 ex
217 2712 323 2778 divina
344 2711 543 2779 institutione
565 2712 725 2777 ministros
747 2711 1002 2795 proprioshabet
1015 2710 1397 2794 exhominibusassnurp-

158 2817 209 2881 tos
231 2818 265 2881 et
286 2835 340 2900 pro
362 2815 541 2882 hominibus
563 2813 758 2894 constitutos,
780 2815 834 2898 qui
857 2833 917 2881 non
939 2815 1088 2899 potestati
1117 2814 1269 2880 saeculari
1291 2814 1399 2881 subor-

156 2919 268 2996 dinati,
292 2919 345 2984 sed
368 2919 406 2985 ab
429 2937 467 2984 oa
488 2917 729 3003 independenter
750 2920 848 2985 sacris
877 2919 1055 2986 muneribus
1085 2919 1272 3004 fungentum
1303 2920 1399 3004 atque

157 3021 227 3088 ideo
241 3023 317 3105 jaare
338 3022 605 3090 acoEcclesiaeie
625 3023 773 3108 prospicit
796 3075 804 3092 .
829 3075 837 3091 .
861 3075 868 3092 .
900 3023 1106 3108 Ejusdemque
1128 3023 1285 3098 Ecclesiae
1317 3022 1400 3090 sicut

157 3125 304 3206 officinm,
326 3125 373 3196 ita
393 3127 551 3214 proprium
571 3128 623 3212 jus
645 3129 703 3207 eet,
725 3128 906 3212 providendi
930 3129 994 3193 tum
1018 3127 1120 3196 decori
1150 3127 1270 3194 externi
1292 3127 1398 3194 diuini

156 3231 268 3310 cultus,
302 3232 371 3297 tum
404 3231 631 3317 multiplicibus
663 3232 873 3318 indigentium
911 3231 1120 3298 membrorum
1157 3231 1398 3322 christianorum

154 3334 403 3416 nscessitatibus,
440 3337 510 3403 tum
544 3335 627 3420 aliis,
645 3354 725 3422 qnae
757 3337 931 3422 opportuna
960 3335 1166 3420 judicaverit,
1201 3333 1393 3401 christianae

155 3439 299 3506 caritatis
321 3441 354 3506 et
375 3441 503 3524 pietatis
525 3439 676 3523 operibor.

260 3543 340 3610 Sane
363 3543 444 3610 illud
462 3544 515 3629 jus
537 3541 716 3628 acquirendi
738 3561 775 3608 ac
797 3542 974 3627 possidendi
996 3543 1091 3609 titulo
1101 3542 1301 3628 proprietatis
1313 3541 1397 3628 quod

156 3667 241 3714 more
262 3647 406 3714 humanis
429 3647 630 3714 societatibus
653 3647 827 3731 competere
849 3647 961 3731 potest,
984 3645 1017 3710 in
1029 3644 1168 3711 Ecclesia
1191 3665 1250 3712 non
1271 3645 1396 3724 dedeit3

156 3751 212 3818 sed
232 3751 265 3824 in
288 3769 324 3818 ca
346 3753 404 3831 est,
426 3753 464 3817 nt
484 3753 517 3816 in
540 3749 690 3817 societate
711 3749 861 3817 divinitus
883 3751 917 3816 et
944 3751 984 3816 ad
1012 3750 1154 3818 altiorem
1182 3749 1275 3816 linem
1305 3749 1397 3814 insti·

156 3856 228 3919 tuta
259 3854 291 3919 et
323 3855 361 3922 ab
395 3854 534 3939 imperiis
566 3852 732 3919 mundanis
766 3854 1002 3938 independonre,
1025 3853 1121 3919 etiarn
1144 3853 1284 3919 sacceus
1306 3855 1338 3919 ot
1361 3871 1398 3933 ac

156 3957 321 4042 superioris
343 3958 468 4037 ordinis,
491 3957 564 4043 qnia
586 3957 665 4023 bona
686 3955 864 4041 hujusmodi
893 3958 1023 4043 mystico
1059 3957 1178 4042 corpori
1213 3955 1331 4024 (lbriati
1364 3958 1398 4024 et

156 4080 211 4147 per
233 4059 291 4126 hoc
321 4060 382 4145 ipsi
415 4061 538 4128 Christo
560 4060 626 4126 Deo
660 4061 823 4144 specialius
859 4061 964 4127 dicata
995 4062 1078 4127 sunt.
1123 4060 1226 4141 Quare
1248 4058 1395 4127 docemus

156 4164 314 4232 Ecclesiae
347 4167 384 4229 ut
415 4165 558 4232 societati
591 4163 708 4231 risibili
741 4165 848 4231 aDeo
870 4165 953 4232 inter
975 4165 1115 4232 homiues
1138 4165 1325 4231 constitutae
1344 4165 1397 4251 jus

147 4287 223 4358 ,esse
254 4267 335 4334 bona
366 4269 548 4351 temporalia
582 4268 761 4352 acquirendi
785 4270 817 4335 et
838 4268 1015 4352 possidendi
1037 4287 1136 4354 neque
1157 4268 1215 4335 hoc
1234 4269 1305 4353 jare
1327 4287 1395 4335 aem

155 4373 306 4456 aquads
328 4365 484 4458 potestate
506 4373 658 4440 saeculari
680 4373 797 4458 privari
818 4389 925 4456 posso;
958 4390 994 4438 ac
1026 4376 1187 4459 prepterea
1222 4371 1397 4458 praedictos

156 4495 275 4543 errores
296 4477 492 4556 damnamus,
516 4478 547 4542 et
569 4477 655 4562 leges
678 4477 790 4563 quibus
812 4478 915 4543 status
938 4475 1084 4562 politicus
1106 4481 1254 4562 tanquam
1284 4495 1320 4539 cr
1341 4493 1396 4538 su-

155 4599 262 4667 premo
280 4581 351 4667 jure
372 4581 433 4649 sibi
455 4579 635 4650 inhaerente
655 4581 734 4648 bono
757 4580 967 4650 ecclesiastice
993 4583 1134 4672 ururpct,
1164 4580 1298 4665 injustus
1328 4591 1398 4662 spo·

156 4685 300 4756 liationes
322 4707 390 4756 esse
411 4688 615 4756 declanenae
