3202 4934
199 293 254 364 XC
392 311 521 370 Schema
539 313 662 370 comeso.
681 311 808 402 dejure
827 315 857 366 et
875 325 936 364 usu
951 309 1119 379 potestatis
1138 307 1249 364 civim

199 483 370 553 studebunt
392 483 473 570 qaod
495 483 602 569 ajebat
627 501 761 570 magnus
790 481 845 548 ille
868 477 1042 566 Gregorius
1066 480 1104 546 nt
1132 478 1281 546 terrestre
1310 497 1442 566 regnum

199 588 325 658 coelesti
346 607 444 674 regno
466 588 644 654 famulatur.

166 711 170 723 ·
305 691 383 776 Gap.
408 692 504 760 XIV.
528 691 579 758 De
593 693 669 776 jure
691 697 720 758 et
740 709 800 758 usu
818 690 984 773 potestatis
1008 687 1113 756 civilia
1137 685 1307 756 comodum
1326 685 1440 756 Eccle-

201 798 270 874 siae
293 797 465 864 cutbolicce
486 795 672 864 doctrinam

303 898 415 984 Spreta
453 899 611 966 Ecclesiae
656 897 828 966 catholicas
874 895 1015 963 doctrine
1048 897 1081 964 et
1107 895 1293 962 auctoritato
1315 895 1442 980 ejusque
1582 885 1583 888 '

200 1003 282 1070 circa
303 1001 472 1070 humanam
494 1002 675 1070 societatem
693 1001 818 1087 juribus
840 1001 1031 1068 conculcatis
1059 998 1303 1066 subintroierunt
1328 999 1442 1066 nostris

199 1106 390 1192 temporibus
411 1105 555 1192 magistri
576 1104 741 1172 mendaces
762 1105 816 1190 qui
848 1125 908 1170 nou
941 1104 1041 1171 solum
1063 1103 1227 1184 Ecclesiae,
1261 1103 1316 1170 sed
1344 1104 1441 1170 etiam

201 1212 301 1280 omnis
335 1211 464 1278 humani
496 1209 643 1278 consortii
675 1209 780 1276 hostes
814 1207 1055 1274 dominationem
1089 1209 1301 1287 contemnunt,
1336 1208 1442 1274 itaut

200 1316 287 1384 nulla
309 1315 378 1402 lege
399 1315 460 1382 nisi
481 1333 574 1398 qnam
596 1314 657 1398 ipsi
679 1314 787 1398 sponte
809 1312 1001 1398 susceperint
1024 1311 1156 1396 obligari
1172 1331 1306 1396 esposse
1323 1311 1441 1390 dicant,

200 1439 381 1505 omnemque
404 1419 617 1485 sublimiorem
638 1419 826 1504 potestatem
849 1417 889 1484 ab
911 1417 988 1501 ipsis
1017 1415 1275 1502 independentcm
1305 1436 1361 1500 pro
1390 1416 1440 1481 in·

201 1525 288 1611 justo
307 1522 468 1592 dominatu
502 1522 640 1590 habeant
672 1541 764 1605 quem
797 1539 851 1606 pro
874 1521 978 1588 lubitu
1011 1521 1144 1605 abjicere
1177 1522 1270 1605 atque
1304 1520 1442 1587 euertere

200 1628 314 1706 liccat3
367 1627 462 1693 immo
518 1627 613 1692 etiam
666 1627 775 1704 oontm
816 1624 1012 1691 manifestam
1054 1623 1113 1691 Dei
1153 1623 1255 1708 legem
1282 1623 1443 1690 affirmant

201 1751 306 1800 omnes
327 1731 469 1798 homines
503 1749 538 1798 er
570 1729 641 1816 lege
675 1730 807 1796 naturae
839 1730 886 1796 ita
915 1728 1060 1814 aequales
1078 1728 1202 1812 juribus
1224 1745 1290 1794 esso
1311 1726 1348 1792 at
1370 1728 1441 1792 tum

199 1836 324 1922 privata
345 1833 572 1919 possessionum
594 1835 766 1918 proprietas
787 1835 855 1902 tnm
879 1833 943 1900 alia
965 1831 1092 1918 quaeris
1114 1832 1206 1900 unius
1228 1849 1300 1917 prae
1314 1829 1444 1918 reliquis

202 1941 422 2028 praerogativa
443 1938 562 2023 injusta
585 1936 703 2006 censeri
726 1937 758 2004 et
780 1937 923 2022 abrogari
946 1936 1068 2004 debeat.
1223 2017 1226 2024 Ι

303 2043 369 2110 Alii
391 2044 497 2110 summ
517 2042 630 2108 falsam
652 2040 752 2106 civilis
775 2041 934 2107 societatis
956 2039 1088 2126 speciem
1112 2058 1149 2106 ac
1170 2040 1303 2108 formam
1338 2039 1442 2106 animo

200 2167 256 2216 suo
289 2147 474 2233 affingentes
506 2147 625 2212 statam
662 2145 825 2229 politicum
858 2163 947 2229 quam
973 2145 1086 2212 vocant
1107 2145 1303 2212 creaturae
1324 2144 1443 2212 fontem

200 2253 299 2320 omnis
320 2251 401 2318 inter
431 2250 570 2318 hominos
604 2249 802 2318 auctoritatis
836 2249 995 2334 omnisque
1014 2249 1095 2334 jnn's
1123 2250 1171 2316 ita
1199 2251 1236 2316 nt
1261 2250 1301 2316 ab
1334 2248 1441 2316 eodem
1582 2275 1583 2330 3

199 2359 287 2425 statu
308 2355 434 2442 politico
454 2353 581 2437 ejusque
601 2354 672 2438 legs
693 2354 762 2418 tum
781 2352 834 2437 jus
856 2353 1055 2438 proprietatis
1078 2353 1217 2435 privatae
1251 2353 1341 2420 unico
1357 2351 1441 2418 deri-
1582 2353 1583 2400 ἕ

200 2461 369 2540 ueritum
391 2457 572 2526 societatem
595 2457 797 2524 domesticam
819 2476 875 2523 seu
902 2457 1055 2522 familiam
1084 2475 1157 2524 suaa
1186 2458 1369 2524 existentiae
1395 2458 1442 2524 to·

199 2567 266 2634 tam
287 2564 442 2632 rationem
462 2562 612 2642 mutuari,
635 2561 798 2646 omniaque
820 2561 985 2646 parentum
1007 2561 1040 2626 in
1069 2561 1150 2628 filios
1177 2563 1250 2646 jura
1282 2561 1443 2630 dimanare

199 2687 236 2736 aa
257 2669 389 2753 pondere
411 2667 577 2746 affirment,
599 2668 668 2732 tum
689 2666 723 2731 in
743 2665 811 2750 ejus
833 2665 903 2750 logo
925 2665 976 2732 val
997 2665 1031 2734 in
1053 2664 1179 2751 majoris
1190 2665 1311 2734 numeri
1325 2665 1441 2734 civium

199 2772 324 2857 placitis
345 2773 378 2838 et
399 2771 432 2836 in
460 2771 600 2855 publica,
629 2771 666 2836 nt
693 2771 818 2850 dicunt,
841 2769 983 2855 opinions
1005 2771 1139 2856 positam
1161 2789 1228 2838 esse
1250 2770 1350 2838 velint
1385 2789 1440 2836 su·

199 2895 338 2963 promam
356 2893 496 2942 normam
511 2875 716 2942 conscientiae
733 2875 766 2942 ot
788 2874 958 2942 officionrm
980 2895 1035 2960 pro
1057 2875 1189 2959 publicis
1222 2878 1256 2942 et
1277 2874 1442 2940 socialibus

200 2980 265 3048 siue
282 2979 508 3064 *imperantium
541 2979 606 3044 sire
640 2977 837 3045 subditorum
869 2979 1052 3046 actionibus.
1099 2977 1181 3060 Quin
1216 2982 1249 3046 ot
1280 2997 1316 3046 eo
1345 2995 1441 3062 usque

199 3103 260 3151 non
274 3102 388 3168 paucos
410 3099 585 3166 progressos
605 3081 838 3162 moouidcmus,
858 3083 894 3148 ut
915 3083 1083 3149 fortunatis
1095 3082 1256 3150 eveubbus
1278 3082 1341 3150 rim
1359 3081 1440 3168 juris

198 3187 372 3256 tribuentes
405 3185 541 3252 audeant
570 3183 689 3266 dicere,
713 3185 745 3250 id
779 3185 861 3270 qnod
890 3185 1017 3272 exlege
1040 3187 1440 3272 moraliessotinjustum,
1580 3257 1581 3278 ἦ

200 3290 372 3360 silelioem
394 3289 509 3356 habeat
531 3288 658 3368 exitum,
682 3307 717 3355 eo
740 3289 806 3373 ipso
828 3289 861 3354 ia
880 3288 1013 3374 publicis
1049 3292 1141 3358 rebus
1174 3311 1211 3357 ac
1248 3290 1383 3376 nogotiis
1405 3309 1441 3357 or
1580 3299 1581 3308 ’

199 3395 270 3481 legs
291 3395 420 3480 politica
438 3394 561 3479 justum
583 3393 713 3460 eredere
733 3395 766 3461 et
787 3393 962 3475 honestum,
985 3395 1073 3480 quasi
1094 3414 1167 3463 vcro
1188 3395 1237 3462 lor
1260 3396 1386 3462 moralis
1399 3393 1440 3462 ad

199 3501 328 3566 arudes
350 3500 384 3564 st
404 3498 546 3582 politicos
569 3499 658 3565 actus
680 3517 741 3565 non
763 3517 860 3583 aequo
884 3517 919 3565 ao
942 3499 982 3565 ad
1002 3500 1140 3584 privatos
1162 3519 1228 3566 sese
1257 3500 1438 3586 porrigeret

304 3603 350 3668 nt
371 3603 448 3669 haec
470 3603 625 3668 humanae
647 3601 808 3686 superbiae
830 3602 981 3686 figmenta
1010 3621 1071 3668 non
1100 3602 1161 3668 alio
1188 3601 1322 3669 madunt
1347 3621 1441 3688 quam

199 3707 236 3773 ut
256 3706 519 3773 incommutabilis
541 3706 695 3772 sanctitas
716 3706 749 3771 et
767 3706 894 3789 justitia
916 3705 1034 3772 aeterni
1058 3707 1116 3774 Dei
1149 3707 1307 3774 anferatur
1339 3726 1359 3772 a
1391 3723 1441 3772 re-

200 3811 375 3879 cordatione
398 3810 533 3876 filiorum
556 3809 726 3890 bominum,
749 3810 782 3876 in
814 3829 920 3876 eorum
953 3809 1065 3876 animis
1095 3829 1204 3878 sensus
1238 3811 1441 3897 extinguatur
1580 3865 1581 3908 ,

196 3915 276 4001 justi
296 3917 329 3982 et
351 3914 471 3999 injusti,
493 3915 526 3980 et
547 3913 705 3980 inficiatur
729 3917 811 3980 terra
833 3914 873 3981 eb
896 3915 1124 3982 habitatoribus
1137 3915 1211 3996 suis,
1234 3915 1308 4000 quia
1334 3916 1441 3980 trans·
1580 3911 1581 3992 ζ

199 4019 299 4104 grossi
320 4022 394 4085 sunt
413 4020 508 4105 loges,
531 4019 732 4085 mutaverunt
751 4018 811 4102 jus,
836 4018 1064 4106 dissipaverunt
1085 4020 1191 4086 foedus
1208 4018 1440 4102 sempiternam.

302 4122 418 4188 Contra
450 4121 627 4206 hujusmodi
649 4141 776 4202 errores,
800 4124 852 4206 qui
875 4124 972 4190 odam
998 4125 1081 4190 inter
1110 4123 1278 4191 catholicos
1308 4121 1438 4208 populos

200 4245 320 4311 serpere
342 4229 517 4311 coeperunt,
540 4227 682 4294 omnibus
705 4228 737 4292 in
759 4229 895 4295 mentem
917 4227 1120 4295 reuocandam
1142 4229 1311 4296 statuimus
1323 4226 1442 4294 doctri-

200 4349 273 4398 nam
296 4330 500 4412 catholicam,
524 4331 561 4396 ut
590 4349 627 4396 ca
654 4331 778 4415 integra
808 4333 842 4397 et
863 4331 1013 4399 inuiolata
1035 4332 1238 4401 custodiatur.
1285 4333 1442 4402 Docemus

198 4435 306 4521 igitur,
337 4434 419 4520 quod
440 4436 479 4501 ab
502 4434 659 4519 Apostolis
690 4436 841 4502 traditum
876 4454 996 4519 semper
1018 4435 1124 4504 docuit
1145 4436 1293 4519 Ecclesia,
1316 4456 1441 4504 omnem

198 4539 374 4625 legitimam
395 4540 593 4625 potestatem,
615 4539 745 4622 ideoque
767 4540 1123 4623 stiamcivilsm,Dsum
1145 4541 1440 4610 habereaactorom.

204 4643 331 4714 »Omnis
353 4645 469 4724 anima,
491 4643 600 4712 scribit
623 4643 800 4729 Apostolus,
822 4643 1031 4729 potestatibus
1053 4645 1285 4714 sublimioribus
1312 4643 1442 4716 subdita
