3166 4934
221 295 282 363 110
319 315 425 380 ,Breve
444 333 472 372 v.
491 315 521 374 6.
539 315 694 416 Mutuad
711 312 1461 388 arr.donym.Farseprsm.o.ac.n1ac1870.

218 487 320 552 stolici
341 487 504 574 Rescripti
517 489 668 572 exceptis,
704 489 737 554 in
769 488 881 577 quibus
910 488 948 554 ob
979 487 1119 572 vigiliam
1149 487 1365 571 subsequentis
1387 486 1461 552 sesti

214 591 367 675 jejunium
391 593 615 658 obseruandum
637 594 695 673 est,
718 593 852 670 absolvo,
876 591 1043 674 eademque
1067 591 1244 674 apostolica
1260 589 1460 656 Auctoritate

217 694 385 778 indulgeo,
422 695 458 760 ut
480 695 566 760 feriis
590 695 683 762 sextis
706 696 816 762 itidem
838 715 1052 780 perannum,
1086 715 1142 761 nec
1164 715 1224 761 non
1255 695 1287 758 in
1309 694 1463 760 festorum

218 798 353 883 Vigiliis,
373 795 493 881 jejunio
515 799 716 881 consecratis,
739 801 772 864 iu
794 799 972 866 condiendis
996 799 1072 864 cibis
1095 817 1308 884 quameunque
1328 798 1462 884 pingua-
1563 845 1564 848 ,

218 901 321 968 dinem
344 899 490 968 adhibere
510 903 644 971 valeant.
939 907 941 912 ’

320 1005 411 1072 Hanc
433 1008 537 1072 autem
559 1027 613 1092 pro
636 1027 696 1074 uno
719 1027 798 1074 anno
820 1009 998 1086 valituram,
1027 1007 1229 1090 acdeinceps
1251 1005 1385 1091 singulis
1406 1025 1462 1090 per
1563 1019 1564 1070 l

221 1111 415 1193 septennium
447 1110 485 1176 de
515 1130 591 1177 nouo
623 1112 849 1179 concedendam
871 1112 1093 1178 relaxationem
1116 1112 1209 1195 atque
1231 1110 1461 1195 indulgentiam

219 1212 444 1279 Dominicalll.
468 1216 538 1298 post
549 1216 753 1283 Pentecosten
776 1216 808 1282 in
830 1217 972 1282 omnibus
994 1215 1234 1299 parochialibus,
1256 1215 1358 1298 iisque
1379 1213 1460 1278 filia·
1563 1277 1564 1300 ,

218 1316 301 1383 libus
324 1317 487 1400 Ecclesiis,
511 1319 544 1385 in
567 1321 677 1405 quibus
700 1320 803 1386 cultus
825 1320 947 1386 diuinam
968 1319 1155 1404 parochialis
1177 1318 1216 1384 do
1238 1337 1323 1384 more
1345 1318 1460 1401 persol-

209 1420 319 1510 ‚vitur,
343 1421 427 1487 fideli
449 1423 561 1506 populo
593 1443 627 1488 er
649 1426 779 1489 ambone
797 1423 1044 1489 denunciaudam
1066 1441 1103 1488 ac
1126 1421 1384 1506 promulgandam
1406 1421 1457 1487 di·
1563 1431 1564 1510 ᾗ

218 1541 333 1607 spouo,
367 1544 428 1609 qua
455 1527 487 1591 in
510 1527 757 1612 promulgatione
780 1527 941 1610 sequentia
963 1526 1167 1594 attendantur
1188 1545 1225 1591 ac
1248 1525 1381 1590 sollicite
1404 1525 1459 1590 ob-

218 1628 388 1707 serventur,
411 1631 550 1713 oportet:

326 1733 352 1796 l.
377 1735 583 1816 exponantur,
617 1753 695 1820 qnae
718 1734 750 1800 in
775 1735 875 1818 capite
897 1733 1107 1818 praesentium
1130 1733 1267 1798 breviter
1288 1731 1459 1816 indigitan-

218 1836 272 1899 tur
293 1833 424 1914 motiva,
446 1837 503 1904 illa
524 1857 651 1922 nempe,
675 1839 787 1924 quibus
808 1839 971 1904 Praesules
993 1838 1115 1904 inducti
1137 1838 1223 1903 fuere
1246 1836 1285 1902 ad
1307 1837 1387 1910 hauc
1408 1855 1458 1900 re·
1563 1829 1564 1836 '

218 1937 382 2004 laxationis
402 1941 536 2023 gratiam
558 1943 641 2026 apud
663 1943 693 2010 S.
710 1943 820 2010 Sedem
831 1943 1040 2027 Apostolicam
1065 1940 1304 2008 sollicitandam.

320 2044 351 2109 2.
397 2043 486 2111 Clare
509 2047 713 2130 proponatur,
746 2049 945 2132 praeceptum
966 2046 1173 2114 abstinentiae
1195 2045 1304 2112 diebus
1328 2043 1457 2110 Sabbati

216 2163 270 2228 per
292 2164 407 2210 annum
429 2165 489 2212 non
512 2147 705 2232 abrogatum,
729 2149 783 2215 sed
804 2149 978 2216 relaxatum
994 2149 1157 2214 dumtaxat
1178 2167 1254 2228 esse,
1274 2150 1368 2232 atqua
1390 2146 1459 2212 ideo

217 2248 355 2314 fidelium
377 2251 531 2317 nemiuem
553 2252 708 2336 impediri,
731 2253 904 2335 quominus,
928 2252 955 2318 si
975 2252 1060 2334 velit,
1084 2255 1283 2336 praeceptum
1299 2249 1459 2316 abstineri·
1563 2255 1564 2320 l

216 2352 279 2417 tiae
299 2353 338 2416 ab
361 2370 414 2418 esu
437 2354 575 2420 carnium
597 2354 726 2439 posthac
744 2373 872 2439 quoque·
882 2355 1050 2442 adimplere
1073 2355 1187 2438 possit3
1211 2353 1415 2419 absolutionis
1437 2372 1457 2418 a
1563 2361 1564 2364 ’

215 2457 379 2540 praecepto
402 2474 470 2522 eam
493 2475 560 2524 esse
581 2458 654 2539 mm,
677 2459 715 2523 ut
735 2459 758 2524 ii
772 2459 855 2543 „qui
878 2459 1008 2542 posthac
1030 2458 1139 2523 diebus
1161 2457 1291 2523 Sabbati
1313 2456 1458 2522 carnibus

216 2561 388 2638 vescentur,
412 2559 495 2626 haud
517 2565 653 2644 peccent,
676 2561 748 2628 dum
772 2581 789 2628 e
812 2563 966 2629 contrario
989 2563 1043 2646 qui
1063 2561 1101 2626 ab
1124 2561 1164 2627 iis
1193 2562 1341 2644 deinceps
1362 2559 1459 2626 etiam
1563 2571 1564 2574 ’

215 2662 426 2741 abstinebunt,
449 2661 595 2730 meritum
618 2683 737 2749 quoque
760 2665 930 2749 acquirant.

248 2831 249 2834 ,
319 2767 348 2834 3.
392 2762 603 2832 Relaxationis
615 2771 647 2833 et
659 2769 873 2853 indulgentiae
891 2771 1014 2835 tenores
1029 2769 1111 2834 clare
1125 2770 1334 2853 proponantur
1356 2770 1389 2833 et
1403 2785 1457 2832 er·

215 2868 378 2950 plicantur,
400 2868 548 2934 nimirum
570 2871 788 2938 relaxationem
811 2872 967 2957 praecepti
988 2873 1110 2938 arandi
1132 2872 1171 2938 ad
1195 2889 1300 2937 omnes
1322 2873 1355 2936 et
1376 2870 1455 2936 solos

216 2972 282 3036 dies
296 2969 425 3036 Sublati
447 2989 502 3055 per
525 2992 647 3052 aunum,
670 2974 704 3038 id
726 2975 784 3053 est,
808 2975 931 3041 licitum
954 2993 1020 3041 esse
1042 2975 1186 3042 carnibus
1207 2975 1290 3040 uesci
1312 2973 1456 3039 omnibus

217 3074 384 3154 Sabbatis,
411 3073 450 3140 iis
473 3078 585 3142 tamen·
601 3077 753 3161 exceptis,
785 3079 818 3144 in
840 3098 920 3163 quae
941 3080 1056 3146 incidit·
1076 3078 1212 3162 Vigilia,
1236 3097 1314 3162 quae
1334 3077 1452 3161 jejunio

214 3179 366 3262 deputata
386 3180 444 3257 est,
468 3178 599 3262 alicujus
619 3183 815 3265 sequentium
837 3184 995 3262 festorum,
1019 3202 1128 3267 nempe
1150 3183 1337 3248 Natiuitatis
1360 3182 1398 3246 D.
1414 3179 1455 3247 N.
1563 3199 1564 3240 r

215 3282 247 3349 J.
272 3281 306 3348 O.
329 3282 537 3362 Pentecostes,
560 3281 614 3349 SS.
637 3283 856 3368 Apostolorum
879 3287 967 3353 Petri
989 3289 1022 3353 et
1045 3285 1146 3364 Pauli,
1168 3283 1398 3368 Assumptiouis
1421 3285 1456 3348 in

217 3385 323 3451 Coelos
353 3385 390 3450 Β.
413 3385 456 3452 Μ.
480 3385 516 3452 V.
551 3388 584 3452 et
616 3387 760 3454 Omnium
792 3389 997 3470 Sanctorum,
1031 3389 1166 3473 exceptis
1200 3389 1277 3454 item
1310 3387 1456 3454 sabbatis

216 3487 355 3570 Quatuor
377 3490 550 3572 temporum
577 3492 609 3556 et
636 3489 668 3557 S.
691 3491 963 3577 Quadragesimae.
1008 3493 1138 3576 Insuper
1167 3512 1258 3558 usum
1288 3491 1456 3576 cujuslibet

215 3591 412 3677 pinguedinis
435 3592 556 3658 licitum
579 3613 646 3660 esse
673 3596 815 3661 omuibus
843 3596 931 3662 feriis*
955 3597 1049 3662 sertis
1071 3597 1290 3680 praeterquam
1313 3593 1453 3676 Quatuor

215 3699 389 3780 tempomm
411 3698 443 3761 et
466 3695 496 3763 S.
521 3695 799 3782 Quadragesimae,
823 3700 867 3764 ita
886 3702 1008 3779 umen,
1034 3702 1071 3766 ut
1092 3699 1156 3764 illis
1179 3699 1265 3764 feriis
1287 3700 1397 3779 sertis,
1421 3699 1457 3764 in

214 3800 326 3885 quibus
354 3800 392 3865 ob
422 3800 564 3885 vigiliam
592 3801 724 3885 alicujus
752 3805 1068 3886 praememoratorum
1099 3804 1249 3868 festorum
1274 3801 1384 3886 jejunii
1406 3801 1457 3865 lex

214 3903 403 3970 obseruanda
425 3905 483 3983 est,
505 3923 580 3969 usus
603 3905 799 3989 pinguedinis
821 3907 886 3972 siue
908 3905 1067 3973 anserinae
1089 3907 1154 3973 siue
1176 3907 1288 3972 suillae
1310 3908 1343 3970 in
1364 3905 1457 3970 unica

214 4008 312 4073 solum
336 4008 502 4075 relectione
522 4007 734 4093 indulgeatur.
785 4065 787 4071 .
927 4061 928 4066 ,
1133 4064 1137 4072 .

318 4115 348 4178 4.
392 4113 586 4180 Educeantur
611 4113 718 4178 fideles
745 4113 825 4178 hanc
854 4113 1073 4180 relaxationem
1102 4115 1134 4178 et
1163 4112 1390 4198 indulgentiam
1413 4113 1455 4178 ad

210 4213 364 4297 jejunium
387 4213 526 4295 Quatuor
547 4218 719 4301 temporum
744 4218 775 4282 et
790 4214 820 4281 S.
834 4215 1099 4300 Quadragesimae
1121 4235 1180 4282 non
1203 4217 1336 4297 extendi,
1360 4217 1456 4299 atque

213 4318 332 4382 ratione
361 4319 567 4384 abstinentiae
596 4319 873 4404 quadragesimalis
901 4318 1049 4400 speciales
1072 4320 1210 4404 quolibet
1232 4338 1311 4386 enno
1334 4319 1383 4385 edi
1404 4336 1456 4383 so·

212 4421 287 4486 litos
308 4420 502 4485 dioecesanos
525 4421 646 4486 ordines
670 4421 875 4488 observandos
899 4421 1013 4487 venire.
1058 4423 1199 4507 Denique

317 4524 346 4588 5.
370 4521 517 4586 mandato
540 4523 716 4605 apostolico
737 4523 936 4589 conformiter
956 4525 1148 4604 moneantur,
1171 4525 1288 4605 fideles,
1311 4527 1348 4592 ut
1361 4524 1454 4602 hanc,

213 4624 302 4708 cnjus
331 4623 497 4708 participes
523 4624 598 4689 facti
630 4626 725 4703 suut,
760 4625 790 4691 S.
821 4625 909 4692 Sedis
936 4627 1131 4712 Apostolicac
1160 4627 1386 4714 indulgentiam
1415 4645 1455 4690 ac

46 4747 77 4808 k
