3186 4942
251 245 328 322 XVI
480 262 595 333 Conmt.
621 263 766 330 Vaticani
783 289 856 332 sess.
875 264 937 330 tir:
974 263 1020 330 De
1036 269 1096 343 fide
1115 265 1277 330 cortellos.

252 444 370 532 objseto
392 447 488 516 etiam
509 447 713 515 distinotum:
743 448 893 534 prineipio
915 447 1057 534 quidem,
1080 446 1154 532 quia
1176 445 1208 513 in
1233 445 1332 514 altero
1354 445 1495 514 naturali

251 552 381 632 ratione,
404 552 436 616 in
459 552 557 619 altero
580 551 640 618 fids
662 552 768 620 divina
786 553 1019 638 eognoseimus;
1042 550 1163 636 objecto
1178 555 1292 633 autem,
1316 551 1495 635 quieprae-

252 655 300 721 tar
322 674 378 737 ea,
413 654 453 721 od
482 673 560 739 quae
589 655 742 722 naturalis
772 656 853 722 ratio
874 655 1052 740 pertingere
1074 655 1197 740 potest,
1231 655 1382 722 eredendo
1403 655 1495 722 nobis

250 760 462 844 proponuntur
486 759 635 844 mysteria
656 760 689 825 in
711 761 776 828 Deo
798 759 999 841 abscondita,
1021 778 1111 844 quas,
1132 759 1193 824 nisi
1215 758 1353 826 revelata
1374 758 1493 825 ‹livini-

251 864 324 944 tus,
347 857 546 940 ‚innote'aoere
570 883 630 932 non
651 867 789 950 possunt.
834 865 986 947 Quocirca
1007 862 1194 948 Apostolus,
1230 863 1283 948 qui
1306 882 1325 930 a
1345 864 1495 949 gentibus

251 968 354 1035 Deum
375 988 429 1054 per
451 987 499 1050 ea,
522 987 600 1053 quae
621 969 706 1036 loeta
729 971 811 1054 aunt,
833 969 993 1055 cognitum
1017 987 1084 1038 esse
1104 968 1248 1046 testatur,
1271 966 1424 1034 disserens
1443 971 1495 1034 ta·

253 1091 324 1139 men
346 1073 383 1158 de
405 1074 509 1158 gratia
531 1075 563 1139 et
583 1075 724 1155 veritate,
747 1093 825 1159 qnae
846 1071 1195 1160 pereesumonristum
1216 1073 1300 1171 speia
1316 1074 1364 1138 est
1386 1072 1493 1158 (Joan.

254 1177 399 1263 1.,1v.),
432 1178 630 1264 pronuntiat:
675 1177 844 1264 Loquimur
865 1179 924 1244 Dei
946 1177 1132 1262 sapientiam
1153 1178 1186 1242 in
1209 1177 1376 1262 mysterio,
1412 1198 1492 1262 quse

253 1282 433 1382 abscondite
455 1284 522 1366 est,
556 1303 651 1368 qnam
677 1284 920 1369 praedestinavit
951 1283 1034 1348 Dens
1063 1283 1137 1348 ante
1159 1281 1282 1347 sseoula
1305 1282 1493 1368 ingloriam

253 1389 409 1470 nostram,
444 1407 537 1473 quam
567 1407 658 1456 nemo
686 1389 861 1475 principum
891 1388 983 1474 hujus
1011 1385 1128 1466 saeenli
1156 1387 1316 1471 cognovit:
1341 1390 1493 1456 -nobis
1560 1443 1561 1450 ,

253 1493 359 1557 entem
388 1493 536 1560 revolavit
567 1493 652 1560 Deua
681 1513 736 1578 per
768 1491 920 1578 Spiritum
946 1512 1057 1563 suum:
1103 1489 1236 1578 Spiritus
1273 1492 1355 1560 enim
1389 1495 1494 1560 omnia
1560 1495 1561 1502 ’

253 1598 420 1678 serutatur,
444 1600 540 1666 etiam
561 1599 714 1682 profunda
738 1599 795 1666 Dei
823 1599 867 1684 (l.
892 1599 959 1666 Oor.
981 1599 1035 1678 lI.,
1058 1597 1178 1680 7-9.).
1224 1597 1265 1663 llt
1287 1598 1352 1682 ipse
1374 1599 1493 1686 Unige-

253 1701 337 1768 nitus
360 1703 525 1770 confitetur
548 1702 646 1783 Patri,
669 1703 742 1786 quia
766 1704 926 1770 abscondit
947 1704 1025 1770 haee
1046 1721 1066 1768 a
1087 1701 1289 1786 sapientibus,
1312 1705 1344 1768 et
1359 1704 1494 1788 pruden-

254 1807 350 1888 tibus,
373 1810 405 1873 et
425 1807 578 1874 revolavit
599 1827 636 1874 ea
657 1809 793 1894 parvulis
817 1809 944 1895 (Matth.
967 1810 1033 1894 XL,
1058 1811 1133 1896 25.):

183 2291 249 2425 [5³32
275 2313 293 2391 ‘t
312 2313 405 2402 {Ue
425 2329 506 2396 ratio
528 2330 673 2416 quidem,
708 2330 768 2398 fide
790 2331 969 2410 illustrato,
1008 2349 1077 2398 oum
1101 2333 1228 2413 sedulo,
1266 2331 1316 2416 pie
1338 2333 1370 2396 et
1393 2330 1493 2396 sobrie
1530 2419 1561 2447 -a

184 2437 191 2448 “
255 2429 396 2516 quaerit,
430 2435 587 2519 aliquam,
618 2436 684 2502 Deo
706 2436 820 2517 dente,
855 2439 1072 2524 mysteriorum
1099 2437 1342 2522 intelligentiam
1366 2455 1492 2518 eamque

254 2539 534 2606 fructuosissimam
557 2543 740 2625 assequitur,
764 2543 833 2607 tum
857 2562 891 2608 ex
915 2562 1036 2626 eorum,
1061 2562 1140 2626 qnae
1162 2543 1346 2609 naturaliter
1369 2558 1492 2624 cognos-

255 2643 308 2722 eit,
332 2644 485 2730 analogia,
508 2649 576 2712 tum
598 2657 614 2711 e
637 2646 855 2732 mysteriorum
877 2647 1012 2730 ipsorum
1035 2665 1114 2713 nern
1135 2647 1217 2712 inter
1239 2666 1271 2712 se
1294 2649 1326 2710 et
1348 2663 1416 2710 eum
1432 2643 1516 2714 fine.

254 2747 386 2814 hominis
408 2749 535 2829 ultirno;
559 2769 717 2835 nunquam
740 2753 846 2816 tamen
869 2751 980 2818 idonea
1000 2750 1141 2818 redditur
1164 2752 1202 2816 ad
1226 2771 1261 2818 ea
1283 2745 1490 2834 perspicienda

253 2852 353 2917 instar
376 2852 553 2932 veritatum,
575 2873 654 2938 quae
674 2855 832 2938 proprium
853 2855 949 2940 ipsius
972 2854 1127 2941 objectum
1151 2853 1353 2922 constituunt.
1380 2848 1491 2914 Divina

254 2955 336 3022 enirn
359 2958 508 3042 mysteria
530 2960 640 3042 suapte
662 2962 774 3025 natura
802 2959 997 3026 intellectum
1030 2961 1168 3026 ereetum
1194 2956 1427 3039 sie'exoadunt,
1457 2954 1492 3018 ut

254 3060 350 3126 etiam
372 3061 560 3132 revelatione
582 3063 700 3130 tradita
732 3070 764 3130 et
785 3063 846 3128 lide
870 3067 1031 3150 suscepta,
1067 3064 1165 3148 ipsius
1197 3065 1302 3126 tamen
1336 3059 1409 3126 fidei
1439 3078 1491 3124 ve·
1549 3141 1553 3152 Ι

253 3164 368 3232 lamine
391 3165 534 3232 eonteota
555 3166 587 3234 st
610 3167 742 3250 quadam
766 3167 855 3253 qussi
878 3167 1013 3254 caligine
1034 3167 1180 3234 obvoluto
1201 3165 1356 3245 maneant,
1380 3183 1490 3248 quorn-

254 3269 307 3338 dtu
335 3271 370 3338 in
400 3271 458 3337 hae
488 3271 614 3337 mortali
642 3273 706 3339 vita
736 3273 969 3358 peregrinamur
992 3293 1010 3338 a
1033 3271 1184 3338 Domino:
1219 3288 1273 3355 par
1295 3269 1388 3335 fidem
1412 3269 1492 3334 enim
1520 3321 1523 3326 .

255 3374 461 3456 ambulamus,
484 3378 517 3442 st
538 3396 598 3443 non
620 3371 674 3461 per
697 3376 829 3461 speeiem
853 3378 896 3460 (2.
921 3375 990 3444 Gor.
1015 3377 1063 3458 V,
1087 3377 1141 3460 7.).

46 3977 48 3982 ,
199 3913 325 3978 ,sess
341 3895 475 3976 tVsrurn
497 3900 557 3964 etsi
580 3897 654 3964 fides
677 3898 720 3965 sit
741 3918 834 3983 supra
856 3897 1017 3980 rationem,
1041 3898 1127 3966 nulla
1143 3900 1248 3966 tamen
1263 3911 1396 3980 unquam
1412 3890 1492 3956 inter

190 4035 192 4042 a
258 3999 351 4070 tidem
371 4007 403 4069 et
424 4003 574 4070 rationem
598 4023 670 4070 veru
693 4003 841 4070 dissensio
865 4021 930 4070 asse
953 4005 1072 4088 potest:
1107 4023 1177 4070 eum
1200 4001 1283 4065 idern
1305 3998 1411 4078 Deus,
1441 3996 1491 4078 qui

258 4109 408 4192 mysteria
429 4110 547 4176 revelat
579 4112 611 4175 et
631 4109 725 4176 fidem
745 4109 902 4191 infundit,
939 4111 1040 4175 animo
1070 4112 1204 4176 humano
1231 4103 1361 4172 rationis
1392 4103 1491 4166 lumen
1560 4145 1561 4148 ,

258 4209 425 4292 indiderit;
459 4214 557 4290 Deus.
566 4215 671 4280 autom
692 4233 806 4299 negare
828 4215 962 4298 seipsum
985 4233 1044 4278 non
1058 4216 1183 4297 possit,
1217 4232 1273 4279 nee
1295 4227 1401 4276 varum
1423 4223 1490 4270 vero
