3202 4934
198 307 299 381 XCIV
485 330 614 391 Schema
632 349 790 392 coconem
808 336 846 394 dc
864 335 1004 392 Ecclesia
1023 333 1147 396 corace.

303 503 350 570 lm
373 504 550 590 Eolgenden
583 505 633 572 die
666 507 743 573 oben
777 526 848 592 pag.
881 505 1035 576 LXXXV.
1070 505 1247 572 erwahnteu
1282 505 1332 572 die
1367 521 1437 571 vor-

198 606 368 678 stehenden
389 607 543 675 Materies
564 609 774 677 betreffenden
796 612 836 676 21
861 609 999 677 Oenones

353 711 405 778 De
426 713 571 781 Ecclesia
594 713 726 780 Christi.
770 713 857 799 (Vgl.
881 715 1002 782 Archiv
1023 713 1141 796 XXIII,
1164 713 1228 781 476
1251 714 1287 797 I.)

308 814 467 884 Coaea'I.
493 816 619 901 Siquis
641 817 764 899 dixerit,
789 817 906 885 Christi
928 817 1110 904 religionem
1133 820 1164 884 iu
1188 819 1274 883 nulla
1290 817 1438 901 peculiari

199 917 347 985 societate
370 920 410 985 eb
431 921 497 1005 ipsc
520 921 644 988 Christo
666 921 796 988 fundate
818 924 989 989 exstantem
1013 925 1045 989 ct
1067 941 1241 1006 expressam
1272 941 1355 1002 esse,
1384 921 1438 991 sed

200 1021 371 1106 esingnlis
400 1041 554 1104 seorsum,
583 1043 642 1090 non
669 1025 777 1092 habite
802 1026 923 1093 ratione
953 1025 993 1092 ed
1016 1025 1113 1092 nllem
1135 1025 1337 1106 societatem,
1357 1043 1438 1110 qnae

201 1127 274 1175 vera
311 1109 408 1194 ipsine
446 1110 585 1178 Ecclesia
621 1112 682 1193 sit,
718 1112 779 1179 rite
814 1113 970 1180 obseruari
1006 1114 1039 1180 et
1075 1113 1171 1179 excoli
1212 1131 1318 1198 posssr
1360 1131 1437 1178 ene-

200 1211 384 1386 essaeosar't'r
407 1319 458 1386 II.
482 1319 514 1386 si
537 1321 607 1406 qua
628 1279 752 1399 orrens,
775 1321 948 1388 aserenam
971 1339 991 1386 a
1013 1320 1137 1386 cassa
1159 1319 1291 1386 Domino
1320 1319 1439 1386 auram

201 1422 318 1486 certam
341 1441 378 1490 ac
399 1421 627 1492 immutabilem
651 1425 882 1492 constitutionis
904 1424 1035 1492 formam
1058 1422 1229 1508 accepisse,
1259 1423 1312 1490 eod
1343 1439 1439 1507 aeque

59 1557 62 1567 ·
201 1540 238 1590 ec
259 1525 394 1611 reliques
417 1526 577 1595 hominum
599 1528 774 1610 societates,
797 1547 852 1613 pro
873 1530 1046 1614 temporum
1069 1526 1251 1596 diversitate
1284 1524 1440 1592 vicissitu-

201 1626 324 1694 dinibus
354 1628 387 1694 at
413 1631 736 1700 transformationibus
766 1631 942 1717 subjectam
970 1631 1082 1710 iubeo,
1112 1630 1168 1696 eut
1195 1630 1306 1715 subjici
1333 1649 1438 1715 posse;

202 1732 368 1800 anathema
388 1732 441 1800 eit.
551 1775 556 1782 -

129 1841 131 1846 ’
307 1835 386 1904 Cea.
409 1836 480 1904 III.
504 1836 537 1904 Si
559 1837 629 1922 quis
651 1837 773 1921 dixerit,
796 1837 972 1904 divinarum
996 1829 1235 1923 promissionum
1269 1839 1441 1907 Ecclesiam

202 1961 263 2009 non
290 1960 356 2008 esse
387 1943 568 2010 societatem
605 1944 763 2010 externam
790 1962 827 2010 ec
856 1943 1063 2028 monuissem,
1086 1943 1141 2010 sed
1164 1945 1264 2011 totam
1287 1945 1440 2012 internam

203 2064 240 2112 sc
260 2045 467 2125 invisibilem
489 2048 658 2114 anathema
678 2048 731 2114 sit.

308 2150 387 2218 Cas.
409 2152 472 2218 IV.
495 2151 529 2219 Si
551 2151 621 2236 quis
643 2151 766 2234 dixerit,
790 2171 893 2219 remur
917 2151 1090 2218 Ecclesiam
1113 2169 1173 2218 non
1196 2171 1262 2218 esse
1284 2171 1381 2218 unum
1409 2153 1442 2218 in

203 2273 236 2320 ss
256 2273 380 2338 corpus,
411 2255 464 2322 sed
494 2275 530 2322 ex
561 2255 657 2322 variis
684 2255 863 2342 dissitisque
887 2255 1057 2322 Christiani
1083 2256 1217 2322 nominis
1240 2256 1443 2322 societatibus
1580 2243 1581 2252 ἶ

203 2360 354 2441 musmre,
377 2379 432 2444 per
453 2377 565 2444 easque
587 2359 732 2428 diffusam
755 2379 840 2439 essc;
863 2361 918 2427 ent
940 2360 1042 2428 varies
1062 2360 1227 2428 societates
1250 2359 1442 2427 abinvicem
1580 2361 1581 2382 ³

203 2463 276 2531 lidei
298 2463 484 2548 professione
518 2464 705 2532 dissidentes
737 2467 832 2549 etque
864 2467 1076 2532 communione
1110 2464 1266 2549 sejunctas
1293 2466 1442 2549 tanquam

203 2569 344 2636 membre
365 2570 414 2638 vel
436 2570 542 2654 partes
565 2588 657 2636 unam
679 2571 712 2636 et
733 2569 940 2638 universalem
965 2569 1153 2636 constituere
1183 2567 1301 2635 Christi
1329 2566 1438 2636 Eccle-

203 2673 301 2754 eiem;
324 2674 491 2741 anathema
513 2673 563 2740 sit.

307 2777 385 2845 Coe.
415 2778 452 2845 V.
474 2777 508 2844 ei
530 2779 599 2862 quis
622 2779 744 2858 dixerit,
767 2779 938 2846 Ecclesiam
962 2778 1078 2846 Christi
1100 2795 1161 2845 non
1182 2797 1249 2845 esse
1262 2775 1440 2844 societatem

204 2879 244 2946 ed
266 2881 427 2948 aeternam
449 2881 583 2950 salntem
605 2882 851 2966 consequendam
872 2881 995 2949 omnim
1017 2881 1239 2959 necessariam
1261 2883 1320 2948 ant
1340 2878 1441 2946 homi·

204 3003 258 3052 nes
280 3005 335 3070 per
357 2987 492 3070 cujusvis
515 2987 675 3070 religionis
697 2986 818 3052 cultum
839 2987 953 3052 salvari
976 3006 1081 3071 posse;
1106 2986 1275 3064 anathema
1298 2985 1351 3052 sit.

307 3087 386 3174 Care.
416 3090 472 3158 VI.
502 3089 635 3174 Siquis
666 3089 794 3171 dixerit,
826 3090 1060 3157 intolerantiam
1087 3091 1193 3170 illem,
1222 3109 1284 3173 qna
1305 3086 1443 3156 Ecclesia

206 3193 361 3262 catholice
382 3213 487 3262 omnes
508 3194 670 3280 religiosas
692 3196 793 3262 sectas
816 3215 836 3261 a
856 3213 914 3260 sue
943 3196 1156 3264 commuuione
1186 3195 1345 3279 separatas
1373 3211 1444 3277 pro·

205 3298 316 3365 scribit
338 3300 371 3365 ct
392 3297 539 3381 damnet,
567 3299 670 3365 divino
697 3299 768 3385 jure
797 3319 857 3366 ncn
887 3298 1038 3382 praecipi3
1067 3300 1123 3365 eut
1152 3297 1190 3364 de
1213 3298 1345 3366 ueritate
1367 3295 1442 3364 reli·

205 3403 306 3489 gionis
329 3403 486 3488 opiniones
508 3404 633 3470 tantm
655 3422 716 3470 non
738 3405 842 3469 eutem
865 3403 1083 3470 certitudinem
1106 3402 1213 3468 heberi
1236 3421 1333 3486 posse,
1358 3400 1443 3468 ideo·

205 3525 266 3591 que
302 3525 407 3573 omnes
445 3507 547 3574 sectas
590 3507 752 3594 religiosas
792 3508 831 3574 ah
864 3508 1005 3576 Ecclesia
1036 3507 1213 3576 tolerandas
1248 3525 1336 3583 essc;
1369 3522 1444 3571 ene·

205 3610 314 3677 thcme
336 3611 388 3680 sit.

309 3713 388 3800 Cap.
417 3715 492 3784 VII.
515 3715 549 3784 Si
582 3715 651 3801 quis
688 3715 810 3796 dixerit,
844 3715 974 3782 eandem
1009 3715 1128 3782 Christi
1150 3715 1322 3782 Ecclesiam
1354 3731 1443 3798 posse

206 3818 323 3886 ollandi
344 3819 490 3900 enebris,
516 3821 571 3886 ent
591 3819 676 3886 inlici
698 3819 800 3900 melis,
822 3820 935 3904 quibus
958 3839 977 3886 e
999 3819 1131 3885 salutari
1161 3818 1234 3886 fidei
1263 3835 1444 3901 morumque
1580 3847 1581 3874 l

205 3924 337 3990 veritate
360 3923 492 4002 aberret,
516 3923 555 3988 ab
577 3923 722 4009 originali
744 3943 800 3989 sua
821 3924 1018 3990 institutione
1043 3921 1164 4001 deviet,
1194 3923 1250 3988 eut
1276 3921 1448 4006 depravate
1580 3959 1581 4004 ,

205 4027 238 4093 ct
259 4029 404 4111 coempta
426 4026 553 4094 tandem
576 4027 699 4094 desinet
721 4045 804 4106 essc;
827 4027 995 4095 anathema
1017 4027 1068 4093 sit.

309 4131 388 4198 Cen.
418 4132 515 4200 VIII.
538 4131 664 4216 Siquis
687 4130 810 4210 dixerst,
833 4133 1028 4215 praesentem
1052 4129 1169 4198 Christi
1191 4127 1362 4195 Ecclesiam
1385 4143 1447 4192 non

205 4253 271 4301 esse
293 4235 437 4302 ultimam
467 4254 503 4300 ec
532 4253 708 4319 supremam
738 4236 970 4319 commonendae
989 4234 1113 4301 salutis
1147 4231 1367 4309 oeconomiam,
1391 4228 1447 4296 sed

206 4339 443 4424 exspectandam
466 4357 533 4406 esse
555 4341 659 4418 ehem,
689 4359 744 4426 per
774 4359 884 4406 noram
913 4339 962 4405 sel
991 4338 1156 4423 pleniorem
1186 4335 1284 4404 divini
1311 4333 1448 4420 Spiritus

206 4445 403 4523 effusionem
427 4444 596 4511 anathema
617 4445 669 4512 eit.

309 4548 389 4619 Ceo.
412 4549 480 4616 IX.
503 4546 627 4633 Siquis
650 4547 771 4628 dixerit,
795 4545 952 4612 Ecclesiae
973 4545 1235 4613 infallibilitatem
1257 4545 1297 4611 ed
1319 4561 1356 4610 ee
1374 4545 1446 4608 tau-
1580 4593 1581 4638 3

206 4655 274 4722 tum
295 4654 459 4743 restringi,
484 4671 563 4738 quae
584 4654 689 4720 dimne
710 4649 896 4721 revelatione
918 4651 1124 4732 continentur,
1139 4667 1195 4718 uec
1207 4649 1247 4716 ed
1259 4645 1448 4718 eliesetianr
