3202 4934
232 195 414 254 Aotwortcrt
432 195 492 265 aus
506 197 607 268 dulps
624 196 802 266 ertmtrrlpc
821 196 946 268 Fropeo
964 196 1016 252 dee
1032 195 1249 265 malopem
1346 177 1366 246 7
1443 209 1449 220 ·

125 371 254 456 putatus
276 369 314 436 ab
337 369 484 454 Episcopo
507 387 561 452 pro
583 367 864 453 dispensationibus
890 367 1171 434 matrimonialibus
1195 368 1363 454 Episcopus

125 477 227 560 potest
259 474 407 556 deputare
439 493 533 540 unum
568 491 602 538 ex
632 472 697 537 suis
722 471 844 538 vicariis
873 470 904 538 in
928 469 1149 556 spiritualibus
1172 472 1363 550 (lateralem,

124 579 177 663 qui
198 579 242 646 sio
272 578 439 662 deputatus
468 577 572 661 potest
601 574 772 642 executioni
802 575 948 642 mandare
971 575 1214 660 dispensationes
1239 575 1364 642 officiali

124 701 312 752 eommrssas.

228 787 375 870 Quaestio
415 784 490 849 VII.
542 783 660 849 Forsan
695 783 899 851 mactericus
931 785 966 851 io
998 790 1128 869 imoque
1156 788 1250 868 foro,
1284 809 1363 870 pauc

118 891 350 974 praescribitur
371 889 406 952 io
428 887 578 954 mundato
601 887 635 955 io
654 888 762 967 forsas
775 907 973 970 pauperum,
996 889 1101 972 pedib
1122 887 1301 956 adhibendo
1321 889 1362 956 sit

123 1001 151 1061 el
172 1018 215 1062 on
236 995 330 1061 etiam
358 998 449 1058 ema
470 990 692 1072 suffossionem
713 991 971 1058 sacramentalem
992 991 1067 1058 dari
1081 990 1186 1076 possit
1207 993 1283 1060 teliu
1304 992 1361 1059 ub·

123 1099 263 1165 solutio?

226 1201 281 1268 lt:
305 1201 340 1266 ln
365 1199 475 1264 biteris
496 1197 763 1282 Dispensatiouum
786 1197 1084 1276 matrimonialium,
1105 1217 1185 1283 quae
1207 1219 1261 1285 pro
1284 1219 1358 1267 oau-

122 1305 164 1370 sis
186 1324 222 1370 er
245 1306 334 1368 reatu
355 1301 568 1386 expediuntur,
591 1302 670 1369 duae
688 1303 885 1394 continentur
903 1300 1129 1378 absolutiones,
1152 1302 1252 1370 altera
1267 1321 1360 1390 gens

122 1409 207 1488 ralis,
231 1426 309 1492 quae
331 1407 422 1473 datur
444 1425 463 1472 a
485 1406 635 1474 Ponunoe
657 1407 778 1490 ipsein
800 1407 900 1472 forma
922 1405 1076 1492 gratiosa,
1100 1405 1154 1471 sed
1175 1407 1299 1472 tuntum
1321 1407 1360 1474 ad

120 1513 263 1579 ellectum
288 1511 385 1597 ipsius
408 1509 653 1596 Dispensationie
681 1509 929 1594 consequendae;
963 1509 1063 1576 altera
1092 1526 1163 1576 vero
1195 1511 1228 1576 iu
1261 1510 1363 1578 forma

119 1615 348 1694 commissoris,
381 1633 459 1700 qums
489 1613 609 1680 scilieet
638 1613 740 1681 danda
769 1613 937 1681 mandatur
959 1631 978 1679 a
1000 1612 1138 1680 censuris
1159 1615 1192 1680 in
1214 1631 1288 1680 cusu
1309 1615 1359 1680 in·

118 1720 232 1800 cursis,
263 1739 316 1787 seu
339 1739 358 1786 a
379 1720 489 1800 reatu,
513 1737 548 1785 or
571 1737 631 1802 quo
653 1707 700 1787 uel
724 1721 827 1785 ortum
848 1719 916 1798 est,
949 1718 998 1784 rel
1021 1717 1147 1803 gratim
1170 1717 1290 1786 lautum
1311 1722 1361 1785 est

117 1823 384 1910 impedimentum.
428 1823 498 1889 Non
520 1824 569 1890 ost
591 1825 694 1890 autem
718 1841 856 1901 necesse,
880 1824 917 1888 ιι
938 1823 1015 1888 haee
1037 1821 1190 1889 absolutio
1213 1821 1304 1889 detur
1325 1825 1358 1888 iu

117 1932 192 1996 actu
214 1927 447 1996 sacramentalis
470 1923 676 2008 confessionis,
699 1925 753 1993 sed
776 1925 901 2007 sufficit,
923 1927 959 1992 nt
981 1925 1073 1993 detur
1094 1946 1114 1993 a
1132 1926 1283 2012 Delegabo
1305 1941 1361 1994 er·

117 2035 169 2100 tra
191 2031 446 2098 sacramentalem
469 2031 690 2098 confessionem
713 2029 803 2098 drma
825 2032 1004 2097 remanente
1027 2031 1057 2096 in
1081 2029 1254 2097 oratoribus
1276 2029 1358 2095 obli-

116 2136 245 2224 gatione
266 2134 425 2202 obtinendi
448 2135 542 2202 etiam
565 2153 584 2202 a
606 2133 776 2202 commissis
800 2133 898 2220 culpis
919 2135 1174 2204 sacramentalem
1190 2133 1358 2200 absolutio·

117 2247 199 2308 nem
231 2239 277 2308 lla
298 2239 458 2324 praeterea
479 2239 547 2308 dari
569 2237 673 2326 potest
694 2239 805 2320 vorbis,
828 2239 1087 2308 sicontrahentes
1103 2242 1166 2306 sint
1181 2241 1357 2324 praesentes

116 2345 174 2412 aut
196 2343 290 2410 etiam
314 2344 428 2429 scripto
450 2361 504 2410 seu
527 2342 659 2426 decreto,
681 2343 708 2408 si
731 2343 795 2409 sint
815 2344 973 2426 absentes,
996 2347 1033 2410 ut
1054 2342 1357 2433 plerumquo'solent

116 2446 274 2514 Ordinurii
286 2445 380 2513 Galli.
425 2442 462 2511 ln
492 2445 589 2512 dorma
617 2448 723 2514 antem
745 2445 924 2532 hujusmodi
946 2445 1148 2514 absolutionis
1169 2447 1286 2513 mentio
1307 2445 1357 2512 ia·

116 2549 226 2617 cienda
248 2551 296 2616 est
316 2549 477 2616 facultatis
492 2549 697 2635 spostolicae,
718 2552 807 2637 cujus
829 2549 933 2636 vigore
956 2549 1064 2617 eadem
1084 2549 1273 2642 dispensatio
1293 2549 1355 2616 im-

115 2653 297 2740 pertitura
326 2653 462 2719 oenmris
491 2655 523 2719 et
553 2653 657 2737 poenis
688 2652 905 2720 ecclesiasticis
938 2653 969 2718 et
999 2652 1177 2720 arentibus
1199 2653 1232 2720 iu
1254 2652 1354 2720 literis

117 2757 262 2843 expositis
285 2756 360 2824 adeo
383 2755 524 2840 quidem,
547 2759 584 2822 ut
607 2757 761 2824 absolutio
782 2757 915 2850 primunr
939 2755 1029 2824 cedat
1051 2775 1143 2842 super
1164 2749 1301 2854 censuris
1323 2759 1355 2825 el

117 2859 365 2946 prosedendo
388 2879 480 2946 super
499 2861 574 2948 ipsis
596 2861 744 2929 reatibus.

226 2965 342 3030 Romae
364 2961 463 3049 pridie
485 2963 642 3032 Kalendas
664 2965 846 3033 Februarias
869 2967 939 3032 anni
966 2967 1055 3032 1868.
