3186 4942
200 213 293 282 XXII
430 235 545 292 Coootl.
569 233 714 292 Vaticano·
734 251 805 292 eece.
824 235 887 291 111.-
924 234 969 292 De
985 234 1045 305 pide
1064 235 1227 292 catholieo.

200 427 274 472 num
296 409 447 488 nostrum,
470 427 524 493 per
546 427 592 488 ea,
614 427 693 494 quae
717 409 800 474 facta
823 410 907 488 sunt,
931 409 1064 475 naturali
1088 406 1218 476 rationis
1241 377 1439 498 lrnrnarsslu·

200 511 282 577 mine
304 513 388 578 certo
410 511 554 598 cognosci
575 531 635 578 non
657 531 764 597 posse;
787 513 954 580 anathema
976 512 1028 580 sit.

305 719 336 802 2)
359 719 393 789 84
415 719 484 804 quis
505 720 634 801 dixerit,
668 719 736 788 lieri
757 739 817 788 non
840 739 949 806 posse,
979 723 1035 788 out
1057 739 1115 788 non
1139 721 1300 807 expedire,
1329 725 1366 789 ut
1386 742 1441 808 per

200 822 418 891 revelationem
442 823 578 892 divinam
601 826 693 894 homo
716 825 754 892 de
765 826 842 906 Deo,
866 825 1014 910 cultuque
1030 827 1057 892 ei
1077 825 1247 894 exhibendo
1261 826 1439 906 edocendum

201 927 368 994 anathema
390 928 442 994 sit.

305 1140 338 1216 3)
362 1135 394 1202 84
417 1138 485 1220 quis
508 1137 641 1217 dixerit,
675 1138 831 1206 hominem
858 1140 897 1206 ad
927 1141 1034 1226 ccgcit
1019 1142 1136 1208 tionem
1157 1143 1189 1208 et
1210 1140 1437 1226 perlectionem,

201 1259 279 1323 quae
303 1240 475 1307 naturalem
497 1243 631 1325 superet,
655 1241 767 1310 divinit
751 1245 804 1311 tus
825 1245 913 1312 evehi
937 1263 996 1310 non
1018 1263 1121 1328 posse,
1145 1244 1198 1311 sed
1221 1263 1257 1312 ex
1278 1246 1378 1329 scipso
1401 1244 1440 1310 ad

202 1343 301 1410 omnis
331 1343 455 1410 tandem
487 1345 549 1412 veri
592 1347 625 1411 et
653 1345 725 1413 boni
752 1349 958 1432 possesionem
986 1347 1057 1434 jugi
1093 1349 1233 1433 proiectu
1265 1348 1439 1484 pertingere

202 1467 289 1532 posse
311 1451 344 1515 et
365 1448 490 1526 debere;
515 1450 682 1518 anathema
704 1451 756 1516 sit.

303 1675 337 1755 4)
361 1675 394 1741 84
416 1675 486 1759 quis
508 1693 612 1741 sacrae
636 1673 814 1761 Scripturae
843 1675 938 1745 libros
960 1678 1098 1766 integros
1121 1699 1190 1747 cum
1214 1677 1356 1745 omnibus
1377 1679 1440 1746 suis

202 1779 350 1862 pertibus,
374 1780 465 1862 prout
487 1778 556 1844 illos
578 1782 685 1845 sancta
708 1781 893 1848 ‘tridentina
916 1781 1057 1866 Synodus
1080 1782 1244 1860 recensuit,
1268 1802 1322 1866 pro
1345 1781 1441 1848 sacris

109 1923 111 1932 =
202 1884 234 1948 et
257 1883 411 1950 canonicis
434 1903 494 1949 uon
516 1883 702 1968 susceperit,
736 1886 793 1951 aut
822 1903 874 1952 eos
897 1885 1047 1953 divinitus
1070 1884 1236 1971 inspiratos
1258 1905 1324 1953 esse
1347 1905 1442 1972 nega·
1572 1907 1573 1924 ¹

202 1987 302 2064 verit3
330 1988 496 2055 anathema
519 1987 571 2055 sit.

680 2178 751 2244 111.
797 2178 848 2248 De
866 2179 958 2248 Fida.

309 2317 337 2398 1)
361 2315 393 2382 84
414 2317 484 2396 quis
506 2315 628 2396 dixerit,
651 2317 802 2384 rationem
826 2319 992 2386 humanam
1016 2319 1062 2384 ita
1083 2317 1341 2402 independentsm
1364 2337 1439 2396 esse,

204 2421 240 2486 ut
262 2421 338 2488 lides
361 2420 390 2488 ei
413 2441 431 2487 a
456 2421 519 2488 Deo
541 2421 688 2506 imperari
711 2442 770 2488 non
792 2421 905 2507 possit,
928 2423 1093 2489 anathema
1115 2423 1167 2490 sit.

68 2664 73 2675 ·
188 2631 288 2728 1(4)
309 2649 343 2730 2)
366 2646 399 2712 84
421 2646 490 2731 quis
513 2645 638 2730 dixerit,
674 2647 767 2714 fidem
790 2647 926 2714 divinam
950 2667 968 2714 a
990 2649 1125 2715 naturali
1148 2647 1185 2714 de
1208 2649 1273 2714 Deo
1297 2648 1329 2715 et
1352 2645 1443 2712 rebus
1572 2669 1573 2700 4

203 2743 393 2827 moralibus,
427 2751 559 2817 scientia
580 2771 642 2817 uon
663 2751 835 2837 distingui,
873 2772 910 2818 ac
932 2753 1093 2837 propterea
1127 2751 1165 2818 ad
1189 2751 1280 2818 fidem
1303 2750 1440 2817 44444444

203 2874 263 2929 non
286 2855 417 2939 requiri,
451 2857 487 2920 ut
508 2855 646 2922 revelata
668 2854 781 2924 veritas
810 2859 934 2941 propter
955 2856 1173 2923 auctoritatem
1196 2855 1254 2922 Dei
1277 2853 1442 2922 revelantis

204 2959 367 3037 orclatum
383 2960 559 3052 ¹ronrcthema
581 2960 632 3028 sit.

166 3165 204 3225 '²'
234 3159 341 3269 ’4443)
365 3183 397 3251 84
421 3185 491 3270 quis
513 3185 640 3264 4444441,
668 3185 889 3252 revelationem
911 3183 1046 3249 divinam
1068 3182 1200 3250 externis
1223 3182 1321 3268 signis
1344 3181 1443 3248 credi-

143 3309 147 3312 ·
203 3289 299 3356 bilem
321 3290 387 3357 lieri
411 3310 470 3356 non
493 3309 600 3376 posse,
624 3289 753 3374 ideoque
776 3289 842 3355 sola
862 3287 987 3354 interna
1007 3287 1155 3373 cujusque
1178 3285 1367 3372 experientia
1388 3287 1444 3351 aut

201 3393 403 3477 inspiratione
427 3393 549 3477 privata
571 3393 711 3460 homines
734 3393 772 3458 ad
795 3391 889 3458 fidem
911 3391 1027 3457 moveri
1049 3390 1176 3468 debere;
1204 3390 1370 3456 anathema
1391 3388 1442 3455 sit.

306 3726 340 3807 4)
364 3721 396 3788 84
418 3645 487 3805 4444
510 3720 642 3802 dixerit,
665 3719 814 3787 miracula
836 3719 923 3786 nulla
944 3719 1012 3786 lieri
1035 3739 1139 3804 posse,
1163 3719 1350 3805 proindeque
1372 3739 1441 3786 om-

201 3849 256 3896 nes
280 3829 318 3894 44
339 3827 379 3891 444
402 3825 605 3904 narrationes,
626 3825 722 3890 etiam
745 3825 776 3890 in
798 3843 887 3891 sacra
909 3823 1071 3908 Scriptura
1093 3823 1265 3903 contentas,
1288 3825 1370 3890 inter
1392 3823 1442 3888 fa·

201 3933 291 3999 bulas
314 3931 363 3998 vel
385 3929 510 4016 mythos
531 3928 721 4014 ablegandae
744 3949 828 4007 esae;
849 3931 904 3996 aut
927 3928 1078 3995 miracula
1100 3930 1184 3994 certo
1199 3929 1342 4015 cognosci
1361 3946 1443 3994 uun·

202 4054 294 4121 quam
317 4053 415 4118 posse,
438 4053 495 4099 nec
516 4031 556 4098 iis
578 4032 714 4100 divinam
735 4032 893 4118 religionis
914 4032 1103 4100 christianae
1125 4031 1276 4117 originem
1298 4031 1358 4098 rite
1372 4048 1445 4117 pro·

202 4137 293 4216 bari3
317 4137 483 4220 anathema
505 4136 557 4203 sit.

184 4425 189 4432 .
282 4410 287 4421 .
306 4361 340 4442 5)
362 4358 395 4424 84
418 4359 486 4444 quis
510 4359 632 4440 dixerit,
655 4377 814 4426 assensum
836 4360 908 4426 fidei
931 4360 1121 4428 christianae
1140 4381 1200 4427 non
1217 4379 1284 4428 esse
1299 4361 1443 4438 liberum,

204 4454 266 4538 eed'
280 4463 472 4556 argumentis
496 4463 648 4532 hnmanae
675 4463 806 4530 rationis
828 4463 1000 4530 necessario
1026 4463 1170 4550 produci3
1205 4465 1260 4530 aut
1282 4463 1323 4529 ad
1344 4464 1445 4530 solam
