3186 4942
344 200 471 262 scisma
490 150 726 260 constitutionis
744 203 879 274 deponat.
900 203 938 258 de
955 201 1015 272 tide
1033 201 1197 262 coenobice.
1284 181 1405 252 XXVII

166 378 220 443 bei,
238 380 264 432 et
279 383 352 433 actus
370 378 426 443 elus
445 389 510 442 opas
529 380 569 430 est
588 378 620 432 ad
639 379 748 432 satutem
767 377 910 444 pertinens,
931 389 982 444 pao
1000 378 1079 432 bomo
1098 379 1206 433 liberam
1225 383 1340 444 praestat
1358 379 1404 443 ipat

167 467 218 518 iieo
236 464 415 530 obedientiam,
434 464 536 529 pretias
548 465 613 530 ejus,
631 465 671 518 cui
689 463 813 517 resistere
831 467 928 528 posset,
943 464 1108 518 assentiendo
1128 469 1153 517 et
1172 463 1344 529 cooperando.

149 555 153 564 ’
268 552 346 606 Porro
364 550 416 604 dde
433 551 519 604 divina
538 552 564 604 et
582 551 709 605 catboiica
728 561 760 603 ea
778 551 866 606 omnia
883 550 1012 605 credenda
1030 554 1105 612 sont,
1128 562 1196 615 puae
1214 551 1239 604 ia
1258 551 1342 604 uerbo
1360 550 1404 604 dei

163 639 260 703 scripto
279 640 319 692 rei
339 637 433 692 tradito
452 638 630 703 continentur,
657 642 684 692 et
701 638 734 691 ab
753 637 866 692 deciesia
884 637 940 691 sire
957 637 1066 691 solemni
1082 637 1179 702 iudicio
1196 637 1251 691 site
1270 637 1400 691 ordinario

165 726 314 790 inepistetto
333 724 463 779 credenda
482 727 671 790 proponuntur.

267 812 336 865 iiaee
353 811 397 865 iiie
416 815 455 864 est
473 811 554 875 ddes,
584 812 640 864 sine
664 824 713 877 pua
739 811 898 878 impossibiie
917 815 956 866 est
975 814 1079 876 piacere
1099 813 1169 878 iieo,
1197 815 1223 866 et
1241 812 1273 865 ad
1292 811 1405 865 diturum

164 901 220 965 ejus
239 895 395 954 consortium
413 901 560 965 peruenire.
596 899 681 964 buare
698 900 763 953 sicut
781 899 878 954 nemini
895 913 1009 968 anpaam
1027 901 1085 955 sine
1103 902 1146 955 iiia
1165 893 1405 967 contigitlusttdea·

142 1053 144 1058 ,
164 987 213 1052 tio,
240 987 276 1041 ita
295 999 390 1052 nemo,
417 987 465 1040 nisi
483 987 509 1040 iu
528 997 560 1039 ea
582 987 790 1052 perseveraverit
807 997 889 1054 uspue
905 987 940 1042 ad
958 987 1055 1054 duem,
1081 989 1159 1044 nient
1178 991 1312 1044 aeternam
1332 997 1405 1040 asse·

164 1081 266 1140 quotue.

518 1229 590 1302 Cap.
612 1229 664 1285 IV.
702 1231 747 1287 De
766 1232 843 1289 Fide
862 1239 890 1289 et
912 1232 1053 1310 Ratione.

221 1399 230 1407 .
269 1391 276 1408 .
295 1390 302 1406 .
322 1389 328 1404 .
349 1355 403 1408 .dc
421 1355 486 1408 ratio
505 1354 625 1420 quidem,
643 1354 695 1410 bie
712 1356 859 1420 iilustrata,
886 1367 944 1410 cum
961 1355 1066 1420 seduio,
1085 1357 1126 1422 pie
1145 1360 1171 1409 et
1189 1355 1275 1410 sobrie
1293 1354 1404 1421 poterit,

165 1441 293 1506 aiipotm,
313 1441 366 1494 beo
385 1441 479 1505 dante,
504 1442 688 1504 mysteriorum
707 1442 905 1507 interimendam
923 1443 1083 1509 assequitur,
1103 1453 1210 1509 eamque
1229 1439 1405 1495 nuctuosust·

163 1539 239 1590 mam,
256 1531 311 1596 tum
329 1541 361 1582 ex
380 1539 472 1583 eorum
489 1527 611 1593 anatopia
629 1541 696 1595 quae
715 1529 872 1584 naturaiiter
890 1531 1038 1596 cognoscit,
1057 1534 1111 1584 tum
1130 1541 1145 1581 e
1161 1527 1347 1592 mysteriorum
1366 1527 1403 1592 ip·

163 1625 253 1668 sorum
272 1627 339 1668 nexu
358 1614 425 1668 inter
442 1627 472 1667 ae
491 1618 591 1668 etcum
610 1615 662 1669 dne
684 1616 795 1669 bominis
812 1616 920 1682 uitiroo;
949 1627 1083 1682 nunquam
1101 1619 1189 1668 tamen
1208 1614 1301 1668 idonea
1319 1611 1405 1666 reddi·

165 1703 207 1753 tur
224 1701 256 1754 ad
277 1714 308 1755 ea
326 1701 504 1766 perspicienda
522 1703 604 1755 instar
622 1703 777 1768 veritatum,
794 1713 860 1768 quae
879 1703 1011 1768 proprium
1030 1700 1111 1768 ipsius
1128 1701 1257 1766 obiectum
1277 1697 1403 1752 constitu·

168 1790 222 1840 unt.
260 1787 348 1840 bintae
374 1787 442 1840 enim
468 1786 590 1849 mysteria
614 1787 670 1850 ipsa
698 1799 746 1841 suu
768 1790 861 1841 natura
886 1788 1045 1842 ioieiiectum
1071 1791 1185 1842 creatum
1209 1787 1246 1839 sic
1265 1785 1403 1848 excedunt,

163 1877 192 1925 ut
211 1873 289 1927 etiam
307 1871 468 1926 revelatione
486 1872 579 1926 medita
598 1877 625 1926 et
644 1872 694 1927 dde
708 1879 845 1940 suscepta,
873 1873 952 1938 ipsios
971 1880 1059 1928 tamen
1083 1874 1144 1928 ddei
1163 1875 1221 1928 teto
1239 1878 1358 1927 contecta
1378 1874 1404 1924 et

164 1957 275 2022 quadam
295 1958 366 2024 quast
385 1957 495 2024 uligine
514 1959 635 2014 obuoluta
653 1963 789 2025 maneant,
809 1960 931 2027 quandia
950 1960 975 2014 ia
993 1961 1044 2014 bac
1061 1959 1164 2015 moreau
1182 1960 1234 2014 rita
1252 1960 1404 2026 peregrina·

165 2055 222 2096 mur
240 2057 256 2096 a
274 2043 399 2098 nomino:
416 2045 485 2110 „ier
503 2044 580 2098 tidem
598 2045 667 2099 emm
680 2045 844 2100 ambutemus
856 2047 882 2100 et
898 2058 950 2100 non
963 2060 1010 2112 per
1021 2046 1153 2114 speeiem·
1172 2045 1212 2114 (ii
1232 2049 1290 2102 cor.
1309 2047 1337 2110 ii,
1357 2041 1404 2110 7.).

267 2131 360 2185 ierunt
379 2129 428 2184 etsi
445 2130 511 2184 ddes
528 2131 561 2184 sit
578 2143 659 2197 supra
677 2132 825 2197 rationem,
852 2133 923 2186 nutta
946 2137 1033 2188 tannen
1055 2145 1168 2202 uuquam
1193 2134 1260 2188 inter
1283 2132 1359 2185 ddem
1377 2134 1405 2182 et

163 2217 292 2272 rationem
312 2228 374 2271 nera
393 2217 517 2272 ducendo
536 2231 594 2274 esse
611 2221 707 2284 potest,
725 2231 784 2274 cum
801 2221 869 2274 idem
881 2221 956 2283 beus,
975 2221 1017 2286 oui
1036 2221 1159 2286 mysteria
1174 2221 1274 2274 renotat
1287 2223 1312 2272 et
1324 2217 1402 2271 ddem

163 2303 280 2370 tnmndii,
299 2305 385 2358 animo
405 2305 516 2358 bumana
534 2305 640 2362 rationis
658 2306 746 2360 iumen
763 2307 891 2372 indiderit,
910 2309 978 2361 [teus
996 2312 1083 2360 autem
1103 2319 1200 2372 negare
1219 2307 1331 2372 seipsum
1351 2315 1401 2355 nun

166 2391 261 2454 possit,
282 2403 332 2444 nec
349 2401 439 2444 uerum
463 2402 527 2444 nero
546 2402 658 2456 unquam
677 2391 861 2448 contradicere.
898 2392 1071 2458 duantobtem
1090 2392 1173 2445 inanis
1192 2390 1268 2456 butus
1283 2400 1402 2456 pugnan-

164 2477 216 2530 tiae
233 2477 333 2542 species
351 2489 404 2531 uon
423 2481 509 2540 potest
526 2477 576 2530 uisi
594 2475 654 2532 iode
671 2480 751 2546 nasci,
769 2483 836 2546 qaod
856 2481 896 2535 oei
914 2481 973 2535 ddet
991 2481 1113 2544 ammata
1136 2479 1168 2532 ad
1188 2481 1299 2531 mentem
1318 2475 1402 2529 tieric-

162 2562 217 2616 siae
235 2564 364 2618 inteltecta
382 2566 408 2616 et
426 2563 543 2630 exposita
561 2576 613 2618 non
632 2565 737 2632 mermi,
755 2569 795 2621 rei
814 2567 964 2632 opinionum
982 2570 1127 2620 commenta
1146 2575 1193 2629 pro
1210 2563 1319 2616 rationis
1338 2541 1402 2616 eda·

164 2646 196 2700 tis
215 2648 367 2702 habeantur.
403 2648 529 2714 „omnent
554 2651 631 2713 igitur
654 2651 826 2705 assertionem
850 2651 950 2705 ueritati
975 2651 1131 2704 iiiumioatae
1155 2649 1215 2704 ddet
1242 2647 1401 2703 contrariam

162 2733 266 2788 omuino
290 2735 385 2787 taisam
410 2747 469 2787 esse
496 2733 652 2788 aeduinus·
680 2735 773 2797 (conc.
800 2736 856 2790 Lat.
875 2738 902 2792 ii.
931 2737 1002 2791 Buiit
1020 2731 1401 2807 Apostoitetiteptmtatc).

162 2821 244 2872 Porro
261 2818 388 2880 Ecclesia,
406 2829 474 2883 onae
491 2830 544 2870 nna
563 2831 620 2872 cum
638 2821 781 2884 apostatico
799 2833 906 2877 munere
922 2824 1050 2896 docendi,
1074 2825 1223 2879 mandatum
1241 2819 1340 2886 accipit
1358 2834 1402 2875 cu·

164 2903 291 2956 studiendi
310 2902 457 2968 depositam
481 2904 554 2970 ddei;
581 2906 625 2971 ius
650 2907 727 2962 etiarn
752 2911 778 2962 et
801 2909 914 2964 cibotum
937 2909 1057 2966 diuinitus
1085 2911 1164 2966 babet
1188 2910 1265 2976 „taisi
1290 2908 1401 2963 nominis

165 2987 286 3042 scientiae
304 2989 498 3054 oppositiones·
522 2991 554 3056 (i.
573 2993 635 3048 iim.
662 2994 701 3060 iii,
720 2991 778 3060 ²0.)
807 2997 989 3060 proscribendi.
1025 2997 1189 3062 Quapropter
1212 3007 1303 3050 omnes
1330 2993 1400 3047 cbri-

163 3074 239 3127 siiaui
257 3075 348 3130 ddeies
367 3075 513 3141 huiusmodi
531 3080 680 3146 opiniones,
711 3093 778 3148 quae
802 3083 862 3137 ddei
885 3083 1019 3139 doctrinae
1043 3083 1190 3137 contrariae
1214 3094 1273 3136 esse
1291 3092 1402 3145 cognos-

162 3165 263 3226 cuntur,
282 3161 395 3216 maxime
413 3162 437 3216 si
454 3165 487 3218 ab
497 3165 608 3220 rodesto
625 3168 782 3232 reprobatae
800 3170 906 3236 tuerint,
925 3183 978 3225 non
995 3171 1080 3226 soinm
1098 3169 1270 3235 probibentur
1287 3179 1332 3222 eas
1344 3172 1401 3219 tan·

161 3257 237 3310 poam
256 3247 385 3310 legitimas
403 3249 526 3305 scientiae
544 3253 723 3308 conclusiones
740 3256 900 3323 defendere,
919 3258 965 3311 sed
983 3259 1036 3311 into
1054 3269 1102 3323 pro
1120 3255 1273 3318 erroribus,
1290 3252 1333 3318 qui
1353 3253 1401 3304 tat·

160 3332 243 3385 iacent
262 3334 378 3390 ueritatis
395 3337 508 3401 speciem
527 3350 590 3404 prae
607 3353 637 3394 se
655 3342 750 3406 terant,
767 3343 864 3397 babere
884 3347 1005 3399 tenentur
1022 3344 1136 3399 omnino.

263 3419 352 3485 deque
369 3423 455 3478 soium
473 3424 538 3478 ddes
556 3430 582 3480 et
600 3427 667 3480 ratio
685 3429 753 3481 tuter
770 3443 800 3483 se
818 3429 944 3486 dissidere
962 3443 1093 3498 nunquam
1112 3435 1233 3496 possunt,
1257 3427 1304 3481 sed
1323 3437 1399 3491 opem

162 3517 265 3572 quoque
283 3506 331 3560 sibi
350 3511 466 3563 mutuam
484 3501 584 3576 rerunt,
601 3523 658 3566 cum
675 3517 745 3566 reeta
763 3516 831 3570 ratic
849 3517 909 3570 tidei
927 3517 1275 3579 tondameatademoustrei,
1292 3512 1400 3579 eiusque

159 3591 256 3646 iumine
272 3592 401 3648 iiiustrata
420 3609 507 3650 rerum
525 3599 669 3652 diuinarum
682 3601 818 3655 scientiam
837 3604 949 3670 excotat3
968 3604 1034 3658 ddes
1052 3616 1116 3658 uero
1135 3604 1261 3659 rationem
1279 3600 1311 3654 ab
1329 3611 1399 3652 erro·

159 3677 229 3731 ribus
247 3679 340 3734 iiberet
356 3693 388 3734 ae
405 3686 517 3746 tueatur,
535 3697 644 3750 eamque
664 3687 795 3750 muittptici
813 3688 961 3754 cognitione
979 3692 1095 3744 instruat.
1120 3690 1282 3754 Quapropter
1299 3688 1399 3740 ιιιιιιιιιι

160 3765 250 3831 abest,
275 3771 302 3820 ot
319 3767 432 3822 Ecclesia
450 3769 623 3824 humanarum
641 3771 736 3826 artium
755 3777 781 3826 et
798 3775 989 3840 disciplinarum
1007 3778 1122 3832 editurae
1140 3777 1267 3840 obsistat,
1280 3775 1323 3828 «ιι
1341 3784 1399 3827 eam

160 3851 248 3904 moitis
266 3854 347 3908 modis
362 3854 437 3920 iuret
456 3845 535 3922 atque
553 3863 714 3922 promoveat
750 3859 801 3914 dec
819 3861 874 3924 ipsa
893 3864 983 3926 rotat,
1010 3875 1043 3918 ue
1067 3864 1117 3916 bae
1140 3861 1289 3928 disciptinae
1307 3860 1333 3914 in
1351 3871 1399 3914 suo

161 3948 276 4004 quaeqae
294 3941 391 3994 ambitu
411 3943 522 4008 propriis
540 3943 647 3998 amatur
663 3946 808 4011 principiis,
827 3949 873 4002 sed
893 3950 942 4002 boe
960 3953 1061 4004 tantum
1079 3951 1164 4014 curet,
1182 3961 1215 4003 ue
1233 3947 1335 4001 diuinae
1353 3948 1399 4000 do·

159 4025 261 4078 ctriuae
277 4029 445 4091 repugnando
464 4040 568 4083 errores
585 4031 611 4084 iu
629 4043 658 4083 se
675 4033 832 4100 suscipiant,
859 4039 903 4089 aut
926 4035 994 4089 does
1012 4037 1131 4100 proprios
1156 4039 1338 4100 transgressae
1357 4047 1397 4100 ea,

159 4120 227 4174 onae
244 4111 303 4162 aunt
322 4109 393 4175 ddei,
420 4116 545 4180 occupent
563 4119 589 4169 et
608 4118 768 4181 perturbent.
803 4118 892 4188 Neque
912 4121 980 4175 enim
998 4120 1058 4174 ddei
1076 4121 1208 4188 doctriua,
1235 4133 1313 4190 qnam
1330 4123 1398 4176 beus

158 4197 294 4262 revelavit,
312 4198 384 4251 reiut
401 4199 606 4266 pbtiosopbtcum
624 4203 757 4258 inventum
776 4209 911 4272 proposita
924 4211 964 4261 est
976 4209 1095 4262 humanis
1110 4210 1220 4276 ingeniis
1231 4210 1398 4275 perdcienda,

158 4283 204 4338 sed
223 4289 346 4350 tanquam
371 4283 486 4340 diuinum
507 4288 653 4354 depositum
672 4285 772 4346 ciris}
784 4295 901 4358 Sponsae
930 4295 1024 4350 tradita
1046 4296 1157 4351 ddetiter
1179 4297 1348 4351 custodiendo
1372 4299 1398 4348 et

157 4369 328 4424 iniaibbiiiter
345 4371 509 4427 declaranda.
961 4399 966 4412 ·

265 4457 327 4511 iiiuc
344 4469 480 4513 semorum
499 4473 601 4530 poopue
618 4466 767 4530 dogmatum
785 4465 807 4519 is
825 4479 917 4524 sensns
935 4471 1062 4534 perpetuo
1080 4473 1120 4524 est
1137 4467 1303 4546 retinendus,
1322 4477 1397 4529 ouem

155 4545 238 4600 semei
263 4543 403 4602 declararit
419 4547 444 4601 S.
462 4547 544 4602 itater
560 4549 688 4615 desierit,
715 4553 770 4607 sire
788 4554 917 4608 communi
936 4567 983 4609 suo
1007 4555 1178 4622 magisterio,
1204 4552 1262 4606 stac
1286 4547 1395 4602 ιιΙιιιιιΙ
