3186 4942
162 247 291 305 Schema
309 248 430 304 ooncttt.
448 247 584 315 dopmct.
603 244 626 298 I·
644 247 682 301 de
701 245 831 302 ecclesio
851 243 967 302 Ctrrtetr‘
984 247 1036 309 (de
1053 244 1215 314 primatu).
1236 283 1238 291 .
1279 223 1364 292 XLV

132 419 194 486 luti
215 419 248 485 in
270 419 359 486 domo
381 417 439 484 Dei
462 417 514 502 (cl.
536 417 562 483 I.
584 416 666 484 lim.
688 417 744 498 III,
771 419 833 502 15.)
855 417 988 485 niventis
1008 415 1116 484 lidelea
1145 433 1250 484 omues
1272 415 1363 484 unius

131 505 204 572 lidei
224 508 257 572 et
279 505 421 573 caritatis
443 503 565 570 vinculo
587 505 829 570 continerentur.
874 505 947 571 ideo
969 504 1066 584 enim,
1097 503 1274 588 priusquam
1301 503 1365 570 cla·

128 592 310 672 rificaretur,
331 593 455 677 rogarit
479 592 616 672 Patrem,
639 593 676 656 ut
697 592 858 657 credentes
877 593 909 657 in
932 591 1032 674 ipsum
1056 609 1162 656 omnes
1189 609 1286 655 unum
1316 609 1365 656 es·

126 683 206 759 sent,
239 681 320 746 sicut
356 679 422 762 ipse
456 678 553 743 EIIIus
587 681 618 744 et
641 679 736 744 Pater
769 697 865 744 unum
899 679 972 743 sunt
1005 677 1057 761 (of.
1080 677 1170 743 loun.
1203 677 1303 756 XVII,
1335 680 1363 742 1.
1433 704 1435 710 s

128 769 165 832 21
192 769 262 850 su).
308 765 562 850 SapIeutissimus
590 765 688 850 igitur
709 765 897 832 architectus
927 765 979 848 (cf.
1009 765 1033 830 Ι.
1057 763 1127 831 Oor.
1157 764 1215 843 ΙΙΙ,
1239 763 1303 848 10.)
1325 763 1365 828 ad

128 855 210 919 hauc
231 853 304 918 fidei
327 855 359 918 et
381 851 604 918 communionis
626 851 779 917 unitatem
802 852 834 917 ln
855 871 913 917 sua
934 850 1072 916 Ecclesia
1090 849 1215 936 jugItur
1243 867 1367 916 conscr-

127 939 329 1017 vendemio
350 939 442 1005 beato
465 939 559 1003 Petro
583 937 731 1021 Apostolo
753 938 892 1004 instituit
911 939 1093 1022 perpetuum
1118 937 1281 1021 utriusque
1296 937 1366 1002 uni·

129 1027 206 1092 tetta
227 1026 413 1110 principium
435 1041 475 1090 ac
494 1023 616 1090 visibile
639 1024 883 1104 fundamentum,
911 1043 1002 1109 super
1031 1023 1121 1108 cujus
1151 1023 1364 1090 fortitudinem

130 1113 292 1178 aetornum
314 1110 506 1177 extrueretur
527 1111 689 1194 templum,
719 1113 751 1176 et
780 1111 937 1176 Ecclesiae
966 1111 1049 1178 coelo
1079 1111 1238 1178 inferenda
1267 1110 1367 1176 subli-

133 1199 228 1263 mitas
250 1197 397 1282 inhujus
418 1196 492 1262 fidei
514 1196 664 1264 firmitate
685 1215 721 1263 co
817 1199 883 1264 eret
904 1197 948 1281 (S.
971 1197 1032 1263 Leo
1053 1195 1096 1264 ld.
1118 1215 1208 1263 serm.
1236 1195 1289 1262 IV.
1319 1195 1367 1280 [nl

133 1284 207 1367 Ill]
230 1302 296 1368 cap.
319 1283 359 1350 II
380 1282 412 1348 in
433 1283 515 1350 dlem
528 1283 653 1349 Natalis
676 1285 747 1368 sui).
818 1287 909 1349 outre
929 1283 1009 1368 quod
1031 1284 1266 1349 undamentum
1288 1283 1368 1349 diri·

135 1371 221 1437 nitus
254 1370 405 1454 positum,
433 1370 579 1454 quoniam
607 1371 716 1454 portae
745 1370 835 1437 inferi
863 1371 974 1456 majori
994 1371 1027 1435 in
1050 1371 1116 1436 dies
1138 1369 1208 1436 odio
1231 1368 1366 1455 undique

135 1458 310 1542 insurgunt,
333 1456 373 1521 ed
396 1455 551 1523 Catholici
573 1457 671 1522 Nobis
692 1457 849 1524 commissi
871 1457 976 1542 gregis
998 1457 1182 1536 custodiam,
1202 1457 1366 1522 incolumi·

132 1546 241 1622 tatem,
264 1544 475 1627 augmentum,
499 1562 585 1609 sacro
606 1544 797 1628 approbante
812 1543 950 1610 Concilio
967 1544 1145 1628 judicamus
1157 1544 1365 1610 necessarium

132 1649 198 1697 esse
220 1631 394 1696 doctrinam
416 1631 455 1696 de
476 1629 683 1708 institutione,
706 1631 913 1714 perpetuitate
931 1649 969 1696 ac
1031 1632 1104 1696 tura
1114 1630 1366 1714 sacriapostolici

131 1718 294 1802 primatus,
327 1735 346 1780 a
378 1734 438 1799 quo
470 1716 568 1782 totius
601 1717 757 1783 Ecclesiae
779 1719 826 1782 vis
847 1719 880 1782 et
902 1718 986 1782 salus
1029 1718 1169 1802 spondet,
1199 1717 1366 1784 secundum

133 1804 293 1886 antiquam
317 1797 419 1885 atque
433 1803 626 1868 constantem
648 1803 833 1870 universalis
846 1803 1003 1870 Ecclesiae
1025 1804 1251 1870 lidamcuuctIs
1264 1804 1366 1871 tideli-

132 1893 191 1956 bus
213 1889 397 1956 credendam
419 1891 451 1956 et
473 1889 641 1956 tenendam
661 1908 840 1974 proponere,
862 1892 956 1974 atque
978 1893 1157 1971 contrarios,
1180 1910 1292 1976 eosque
1312 1891 1368 1957 do-

133 1974 358 2127 minicobgregi
380 1976 458 2042 adeo
478 1974 664 2060 perniciosos
686 1995 804 2052 errores
826 1976 932 2044 detrito
960 1977 1223 2046 condemnationis
1250 1979 1369 2064 jndicio

133 2081 250 2149 proscn
271 2079 333 2128 ere.
713 2097 718 2104 ·
1021 2085 1023 2095 ⁸

210 2148 289 2231 Gap.
312 2147 342 2214 Ι.
366 2148 416 2215 De
437 2149 600 2232 apostolici
623 2149 787 2218 Prc'mcteae
807 2154 841 2216 in
863 2150 951 2220 teoto
972 2149 1066 2218 Petro
1087 2153 1291 2220 instinctione.

238 2236 391 2302 Dooemus
411 2235 517 2319 itaquo
539 2239 571 2302 et
593 2236 794 2318 declaramus,
817 2256 837 2303 a
859 2237 983 2304 Christo
1006 2239 1139 2305 Domino
1156 2239 1246 2324 juxta
1268 2241 1370 2306 Evam

137 2321 212 2407 galil
234 2323 413 2389 testimonia
432 2325 600 2406 primatum
620 2323 845 2407 jurisdictioms
866 2323 899 2389 in
921 2324 1096 2391 universam
1119 2326 1178 2392 Dei
1198 2325 1369 2392 EcclesIam

135 2409 314 2476 immediata
335 2413 369 2477 et
390 2408 506 2476 directe
528 2410 621 2476 beato
642 2411 737 2476 Petro
758 2411 895 2494 apostolo
916 2411 1100 2494 promissum
1113 2411 1366 2496 atquecollatum

137 2497 243 2562 trisse.
286 2497 336 2562 Ad
365 2515 462 2563 unum
492 2515 624 2581 namque
653 2497 784 2563 Petrum
809 2497 953 2563 Christus
983 2498 1081 2564 Eilius
1110 2499 1169 2563 Dei
1190 2499 1254 2566 viri
1274 2499 1369 2564 dixit:

137 2583 179 2647 Et
200 2601 257 2668 ego
280 2583 348 2649 dico
370 2583 446 2650 tibi:
476 2583 550 2667 quia
579 2587 614 2650 tu
644 2601 677 2650 es
700 2584 823 2661 Petrus,
845 2586 879 2648 et
899 2602 990 2667 super
1012 2583 1093 2649 hano
1115 2585 1235 2666 petram
1256 2585 1367 2652 aedifi·

135 2669 211 2736 cabo
240 2669 411 2736 Ecclesiam
440 2689 556 2749 meam,
585 2673 617 2734 et
643 2671 751 2752 portae
780 2668 872 2733 inferi
901 2687 960 2734 uon
983 2669 1206 2753 praevalebunt
1221 2669 1370 2738 adversus

136 2775 222 2821 cam:
246 2759 278 2822 et
299 2756 359 2821 tibi
382 2756 462 2820 dabo
484 2756 585 2820 clares
615 2755 705 2838 regni
734 2753 905 2820 coelorum:
935 2758 967 2820 ct
996 2755 1196 2841 quodcunque
1223 2758 1370 2843 ligaveris

137 2861 229 2924 super
251 2845 379 2916 temam,
401 2840 463 2905 erit
483 2841 619 2924 ligatum
641 2841 673 2906 et
694 2841 726 2906 iu
750 2841 859 2906 coelis:
882 2843 915 2907 et
928 2843 1371 2929 quodcunquesolueris'super

140 2930 268 3000 terram,
289 2926 351 2990 erit
372 2925 508 2990 solutum
530 2925 611 2991 etin
632 2927 726 2994 coelia
739 2926 1023 3013 (detminata.
1041 2931 1115 3015 ts),
1137 2930 1241 3016 Atque
1252 2933 1306 2998 uui
1321 2932 1371 2999 Si·

140 3011 223 3077 moni
246 3011 339 3076 Petro
360 3010 492 3078 contulit
512 3012 605 3088 Iesus
627 3015 805 3098 postauam
827 3016 1081 3084 resurrectionem
1103 3020 1216 3085 summi
1236 3021 1370 3104 pastoris

139 3099 324 3164 stractoria
342 3097 587 3181 Jurrsdrctronem
610 3099 642 3166 in
664 3100 763 3166 totum
786 3102 884 3186 ipsius
906 3103 985 3170 ovile
1008 3104 1126 3172 duone:
1149 3106 1252 3189 {I'asce
1273 3125 1370 3191 agnos

137 3203 232 3264 meos,
255 3184 352 3251 Pasce
374 3203 445 3252 ores
466 3205 551 3252 meas
572 3186 675 3272 (Joan.
699 3187 785 3267 XXI,
810 3191 860 3254 15.
885 3189 948 3274 17).
993 3191 1075 3256 Herio
1096 3193 1162 3258 tam
1184 3193 1369 3259 manifestae

136 3289 294 3337 sacrarum
326 3270 556 3356 Scripturarum
585 3273 755 3354 doctrinae,
786 3277 823 3340 ut
844 3275 884 3340 ab
906 3275 1046 3342 Ecclesia
1068 3277 1229 3345 catholice
1249 3298 1370 3364 semper

136 3359 299 3423 intellecta
326 3360 392 3435 est,
421 3361 527 3442 aperte
555 3363 750 3444 opponuntur
771 3361 962 3428 damnandae
984 3381 1089 3429 eorum
1110 3367 1292 3447 sentcntiae,
1316 3367 1369 3450 qui

138 3445 341 3510 constitutam
375 3463 394 3510 a
424 3443 548 3512 Christo
570 3447 702 3513 Domino
734 3447 767 3512 in
798 3467 854 3514 sua
873 3449 1014 3516 Ecclesia
1044 3453 1205 3536 regiminis
1237 3453 1369 3520 termam

137 3531 347 3615 pervertentes
368 3533 496 3616 negant,
516 3532 615 3598 solum
635 3534 764 3600 Petrum
785 3553 858 3618 prae
881 3537 1022 3604 omnibus
1043 3539 1191 3622 apostolis
1210 3539 1274 3606 sive
1286 3558 1370 3606 soor-

134 3637 204 3682 sum
226 3617 360 3703 nugulis
381 3617 447 3685 sive
469 3619 610 3685 omnibus
632 3620 725 3686 simrd
747 3639 818 3687 vero
840 3623 1021 3708 proprioque
1045 3624 1271 3708 jurisdictionis
1300 3627 1367 3709 pri-

135 3707 222 3770 matu
245 3705 338 3782 fuisse
361 3723 380 3770 a
402 3705 525 3771 Christo
547 3707 751 3784 instructum
774 3709 829 3774 aut
851 3709 904 3792 qni
926 3709 1101 3791 affirmant,
1131 3712 1273 3783 eumdem
1302 3714 1367 3796 pri-

135 3792 255 3855 matum
284 3810 343 3856 non
373 3791 553 3858 immediate
581 3792 758 3876 directoque
787 3795 847 3877 ipsi
872 3795 963 3862 boeto
986 3797 1096 3878 Petro,
1124 3799 1178 3866 sed
1200 3799 1367 3882 EcclesIae,

136 3877 170 3942 et
190 3896 243 3960 per
267 3876 346 3944 hauc
368 3877 415 3944 illi
436 3880 473 3943 ut
494 3897 551 3943 suo
572 3879 714 3944 ministro
736 3878 875 3947 dolatum
897 3881 1002 3950 fuisse.

130 3977 215 4059 cap
238 3979 288 4046 11.
335 3979 383 4046 De
397 3982 609 4064 perpetuitate
623 3984 785 4063 primatus
806 3981 895 4049 Petri
917 3984 952 4050 ire
973 3985 1131 4053 Ronroais
1154 3987 1367 4072 Pontificibus.

239 4063 327 4145 Quod
360 4069 465 4132 autern
498 4067 532 4133 in
564 4068 656 4133 tecto
675 4069 825 4152 Apostolo
858 4070 951 4136 Petro
983 4073 1123 4156 princeps
1155 4077 1314 4158 pastorum
1336 4081 1369 4144 et

134 4152 242 4235 pastor
276 4170 408 4237 magnus
440 4153 543 4220 ouium
566 4153 717 4220 Dominus
747 4155 889 4222 Christus
911 4157 1004 4224 Iesus
1027 4160 1096 4243 (Ep.
1127 4161 1151 4226 Ι.
1183 4162 1251 4230 Pet
1275 4163 1312 4242 V,
1335 4165 1366 4232 4.

133 4238 203 4304 coll.
226 4257 273 4322 ep.
297 4238 336 4303 nd
359 4239 453 4306 Heba.
476 4239 564 4317 XIII,
587 4242 654 4324 20.)
676 4241 709 4308 in
730 4244 911 4325 perpetuam
933 4245 1066 4312 salutem
1088 4265 1124 4312 ac
1146 4267 1278 4332 proruune
1311 4251 1367 4315 bo-

132 4343 208 4390 uum
232 4324 388 4390 Ecclesiae
410 4325 557 4406 instituit,
580 4327 613 4392 id
635 4327 743 4394 eodem
765 4331 890 4396 auctore
911 4331 944 4395 in
966 4331 1114 4416 Ecclesia,
1136 4354 1217 4419 quae
1238 4337 1370 4402 mndata

131 4431 224 4494 super
257 4413 379 4495 petram
412 4412 453 4478 ad
484 4413 576 4479 tinem
610 4415 802 4480 saeculorum
831 4435 927 4500 usque
957 4417 1091 4485 firmiter
1112 4423 1229 4500 stabit,
1249 4422 1369 4505 jugiter

131 4498 246 4564 durare
266 4517 389 4566 necessa
411 4501 470 4566 est.
515 4499 603 4564 Nulli
626 4502 709 4568 enirn
721 4503 860 4584 dubium,
883 4504 946 4569 imo
960 4507 1245 4573 saeculisomnibus
1259 4509 1368 4570 notum

132 4585 192 4663 eet,
224 4585 305 4669 quod
336 4589 463 4654 sanctus
496 4587 753 4673 beatissimusque
787 4589 910 4669 Petrus,
932 4593 1140 4676 apostolorum
1170 4592 1311 4675 princeps
1334 4593 1369 4656 et
