3186 4942
182 253 188 262 .
246 151 278 222 Χ
312 215 316 222 .
475 168 591 230 concil.
616 169 934 232 Vaticaniscee.111:
971 170 1017 229 Dc
1033 170 1093 244 tide
1113 169 1275 228 catholica.

247 345 336 414 libris
359 344 482 430 seriptis
505 346 537 412 et
558 345 624 414 sine
654 345 769 432 scripto
789 345 1031 425 traditionibus,
1064 363 1142 429 qnae
1172 343 1269 430 ipsius
1292 341 1409 412 Christi
1438 361 1490 410 ore

247 452 286 518 ab
307 450 465 534 Apostolis
488 451 642 535 acceptae,
664 451 719 516 aut
743 450 781 516 ab
802 450 877 536 ipsis
900 447 1058 534 Apostolis
1080 447 1200 536 Spiritu
1212 447 1327 517 Sancto
1349 449 1489 516 dictante

248 555 338 640 quasi
368 573 422 640 per
451 573 561 621 manns
590 554 746 630 traditae
780 553 819 622 ad
847 573 901 621 nos
929 573 1026 639 nsque
1048 555 1254 638 pervenerunt
1276 553 1381 638 (Cone.
1405 553 1489 620 Trid.

249 679 323 728 sess
346 659 402 725 lv.
425 658 515 724 Decr.
539 657 577 723 de
600 657 673 724 Can.
690 654 792 742 Script
794 657 826 744 .).
872 657 932 739 Qui
954 657 1079 744 quidem
1101 657 1214 732 veteris
1237 659 1269 724 ιι
1291 659 1362 724 novi
1379 657 1491 726 Testa·

249 763 348 830 menti
369 761 443 828 libri
471 761 587 848 integri
614 779 685 826 cum
713 760 854 828 omnibus
884 762 948 828 suis
978 760 1147 845 partibus,
1171 759 1299 844 prout
1290 781 1323 826 ιιι
1352 760 1491 846 ejusdem

250 865 378 936 Concilii
400 866 523 933 decreto
545 866 752 944 recensentur,
775 865 837 932 ιι
829 885 861 932 ιι
884 865 981 934 veteri
1003 865 1133 951 vulgata
1155 864 1254 930 latine
1273 864 1410 932 editione
1433 865 1491 932 ha-

250 971 377 1050 bentur,
410 988 465 1054 pro
487 969 583 1037 sacris
606 970 638 1037 ot
660 969 815 1036 canonicis
838 969 1025 1054 suscipiendi
1047 969 1129 1042 sunt.
1175 969 1235 1034 Eos
1257 987 1329 1035 sero
1350 969 1492 1036 Ecclesia

250 1093 305 1160 pro
327 1069 425 1146 sacris
445 1075 478 1141 et
499 1074 654 1142 canonicis
675 1075 781 1154 habet,
802 1093 864 1142 non
890 1075 960 1142 ideo
987 1073 1067 1160 quod
1088 1073 1154 1142 sola
1176 1073 1313 1142 hnmana
1335 1071 1491 1140 industrie

205 1193 206 1197 ’
249 1180 434 1258 concinnati,
458 1197 514 1244 sua
536 1179 647 1246 deinde
670 1177 856 1246 auctoritate
878 1178 942 1244 sint
958 1177 1137 1262 approbati;
1160 1175 1489 1259 retrocedentem,

249 1283 330 1368 qnod
351 1283 570 1351 revelationem
600 1283 667 1350 siue
695 1301 796 1350 errore
819 1282 1016 1360 contineant;
1044 1281 1097 1348 sed
1124 1282 1287 1367 propterea
1302 1282 1394 1370 'qnod
1420 1281 1491 1368 Epi-

249 1389 314 1454 ritu
335 1385 448 1456 Suncto
470 1387 639 1472 inspirante
668 1385 834 1472 conscripti
854 1387 957 1476 Deum
987 1385 1103 1454 habent
1125 1387 1305 1468 auctorem,
1339 1387 1432 1470 atque
1454 1380 1491 1452 nt

251 1492 332 1558 tales
353 1491 413 1578 ipsi
433 1491 590 1560 Ecclesiae
611 1491 723 1562 traditi
745 1491 828 1558 sunt.
858 1479 861 1484 ’

61 1994 275 2136 adstitit<
280 2018 308 2088 ι
356 2007 507 2090 Quoniam
530 2027 611 2086 vero,
623 2009 713 2094 puae
736 2008 851 2076 Sancta
874 2007 1058 2078 Tridentino
1081 2006 1220 2094 synodus
1243 2008 1282 2074 de
1303 1985 1491 2094 interpreta-

216 2091 335 2178 utro
363 2113 485 2179 divinae
504 2109 609 2198 Seript
609 2132 684 2180 urae
710 2113 750 2178 ad
773 2111 941 2181 coercenda
970 2111 1182 2210 petulantia
1172 2112 1300 2198 mgonia
1328 2113 1494 2180 salubriter

253 2216 390 2283 decrevit
399 2216 655 2302 ,aquibusdarn
677 2215 855 2284 hominibus
877 2235 971 2302 prave
993 2217 1207 2302 exponuntur,
1230 2217 1312 2296 Nos,
1334 2214 1417 2284 idern
1439 2217 1494 2283 de·

254 2323 371 2386 oretum
396 2320 588 2400 renovantes,
610 2319 692 2388 hanc
713 2320 799 2388 illius
820 2320 957 2388 mentem
981 2340 1047 2387 esse
1069 2321 1273 2402 declaramus,
1296 2321 1387 2390 utin
1403 2321 1495 2390 rebus
1585 2387 1586 2412 p

252 2423 325 2491 fidei
348 2425 380 2489 et
402 2442 532 2502 morum,
556 2424 595 2491 ad
618 2423 864 2493 aedificationem
879 2425 1038 2492 doctrinae
1051 2423 1247 2494 Christianae
1260 2424 1494 2511 pertinentium,
1585 2417 1586 2502 ι

252 2531 280 2596 ιι
297 2527 356 2614 pro
383 2547 455 2594 uero
482 2547 574 2596 sensu
601 2547 706 2597 sacrae
729 2529 907 2614 Scripturae
939 2529 1099 2597 habendus
1121 2529 1184 2609 ιιι,
1218 2549 1310 2614 quem
1332 2527 1435 2597 tenuit
1459 2548 1495 2594 ao
1585 2525 1586 2550 l

253 2634 340 2700 tonet
360 2632 475 2700 Sancte
497 2633 600 2699 Mater
623 2633 770 2714 Ecclesia,
789 2633 878 2718 cujus
899 2636 948 2700 ιιι
965 2633 1106 2718 judicare
1128 2633 1166 2700 de
1188 2653 1259 2701 uero
1278 2653 1370 2700 sensu
1393 2634 1425 2701 ιι
1446 2633 1495 2700 in·

255 2736 476 2822 terpretetione
500 2735 729 2822 Scripturarum
745 2738 938 2816 sanctarum
971 2739 1066 2823 atque
1087 2735 1157 2804 ideo
1178 2737 1294 2804 nemini
1314 2737 1408 2804 licere
1423 2757 1495 2804 con·

253 2842 304 2906 tra
334 2840 415 2906 huno
445 2859 591 2920 sensnm,
623 2843 680 2908 ant
710 2841 804 2910 etiam
828 2841 935 2908 contra
957 2842 1136 2911 unanimem
1156 2853 1338 2910 eonsensum
1362 2841 1494 2926 Petrum

253 2947 353 3030 ipsam
376 2943 568 3029 scripturam
591 2965 711 3013 sacram
732 2946 941 3028 interpretari.

671 3341 774 3426 capa
795 3341 867 3408 ιιι.
900 3339 962 3407 ιιι
983 3339 1074 3406 ιιι.

41 3500 43 3518 ·
159 3440 191 3495 ·’
240 3441 268 3504 ’-“’
294 3429 465 3561 ‘Elorum'
496 3463 588 3530 tomo
617 3483 636 3528 a
664 3463 729 3528 Deo
759 3464 908 3548 tanquam
940 3461 1085 3529 Creatore
1114 3461 1147 3529 ιι
1169 3461 1301 3528 Domino
1331 3480 1385 3528 suo
1407 3461 1493 3527 totus
1585 3551 1586 3556 Ἰ

254 3567 445 3651 dependeat,
484 3567 516 3634 et
545 3566 625 3635 ratio
654 3567 759 3633 creata
785 3566 942 3634 increatae
964 3565 1105 3634 Veritati,
1130 3566 1253 3651 penitus
1280 3564 1493 3648 subjectarit,
1585 3595 1586 3648 ι

252 3671 378 3756 plenum
399 3671 550 3738 revelanti
572 3672 637 3737 Deo
666 3671 844 3738 intellectus
874 3671 907 3738 et
928 3669 1097 3738 voluntatis
1119 3667 1298 3753 obsequium
1321 3667 1383 3735 fide
1404 3687 1493 3755 prae·
1585 3671 1586 3736 3

253 3778 337 3842 stare
357 3777 507 3842 tenemur.
552 3776 641 3842 Hane
663 3795 735 3841 roro
757 3775 861 3854 fidem,
884 3794 964 3862 qnae
985 3773 1139 3840 hnmanae
1161 3773 1273 3839 salutis
1295 3773 1420 3840 initium
1435 3775 1493 3852 ιιι,
1583 3781 1586 3870 ss

240 3881 393 3948 ‘Ecclesia
415 3879 568 3947 catholica
589 3880 763 3965 profitetur,
787 3880 936 3946 intutam
958 3898 1024 3947 esse
1040 3877 1319 3964 supernaturalem,
1340 3897 1411 3963 qna,
1436 3878 1494 3943 Dei

253 3985 410 4070 aspirante
425 3987 457 4052 ot
473 3981 639 4072 adjuvante
654 3987 768 4072 gratia,
791 3987 830 4072 ab
847 4004 888 4071 1,ιι
911 3983 1049 4068 retemta
1070 4003 1143 4050 vera
1166 4001 1232 4050 esse
1245 3983 1408 4066 credimue,
1432 4001 1492 4050 non

253 4090 378 4174 proptor
406 4089 606 4159 intrinsecam
637 4107 739 4158 rerum
773 4089 940 4174 veritatem
969 4086 1107 4168 naturali
1134 4083 1264 4153 rationis
1285 4085 1402 4159 lumine
1423 4104 1494 4168 por-
