<?xml version="1.0" encoding="UTF-8"?>
<!DOCTYPE html PUBLIC "-//W3C//DTD XHTML 1.0 Transitional//EN"
    "http://www.w3.org/TR/xhtml1/DTD/xhtml1-transitional.dtd">
<html xmlns="http://www.w3.org/1999/xhtml" xml:lang="en" lang="en">
 <head>
  <title>
</title>
<meta http-equiv="Content-Type" content="text/html;charset=utf-8" />
  <meta name='ocr-system' content='tesseract 3.04.00' />
  <meta name='ocr-capabilities' content='ocr_page ocr_carea ocr_par ocr_line ocrx_word'/>
</head>
<body>
  <div class='ocr_page' id='page_1' title='image "./archivfrkatholi10jurigoog/archivfrkatholi10jurigoog_0022.png"; bbox 0 0 3186 4942; ppageno 0'>
   <div class='ocr_carea' id='block_1_1' title="bbox 215 231 1242 329">
    <p class='ocr_par' dir='ltr' id='par_1_1' title="bbox 215 231 1242 329">
     <span class='ocr_line' id='line_1_1' title="bbox 215 231 1242 329; baseline 0.006 -19"><span class='ocrx_word' id='word_1_1' title='bbox 215 231 289 310; x_wconf 80' lang='lat' dir='ltr'><strong>le</strong></span> <span class='ocrx_word' id='word_1_2' title='bbox 440 251 555 317; x_wconf 72' lang='lat' dir='ltr'><strong>Ueneti.</strong></span> <span class='ocrx_word' id='word_1_3' title='bbox 578 247 724 316; x_wconf 73' lang='lat' dir='ltr'><strong>Vaticani</strong></span> <span class='ocrx_word' id='word_1_4' title='bbox 742 273 814 316; x_wconf 82' lang='lat' dir='ltr'><strong>aeae.</strong></span> <span class='ocrx_word' id='word_1_5' title='bbox 834 251 899 318; x_wconf 79' lang='lat'><em>111:</em></span> <span class='ocrx_word' id='word_1_6' title='bbox 937 257 985 318; x_wconf 83' lang='lat' dir='ltr'><strong>Dc</strong></span> <span class='ocrx_word' id='word_1_7' title='bbox 1002 259 1061 329; x_wconf 73' lang='lat' dir='ltr'><strong>fide</strong></span> <span class='ocrx_word' id='word_1_8' title='bbox 1080 252 1242 319; x_wconf 70' lang='lat' dir='ltr'><strong>cellatica.</strong></span> 
     </span>
    </p>
   </div>
   <div class='ocr_carea' id='block_1_2' title="bbox 214 430 1460 1564">
    <p class='ocr_par' dir='ltr' id='par_1_2' title="bbox 214 430 1460 1564">
     <span class='ocr_line' id='line_1_2' title="bbox 215 430 1456 518; baseline -0.001 -19"><span class='ocrx_word' id='word_1_9' title='bbox 215 430 321 513; x_wconf 69' lang='lat' dir='ltr'><strong>badi,</strong></span> <span class='ocrx_word' id='word_1_10' title='bbox 354 432 387 498; x_wconf 93' lang='lat' dir='ltr'><strong>in</strong></span> <span class='ocrx_word' id='word_1_11' title='bbox 407 451 503 516; x_wconf 88' lang='lat' dir='ltr'><strong>eaque</strong></span> <span class='ocrx_word' id='word_1_12' title='bbox 525 433 702 500; x_wconf 79' lang='lat' dir='ltr'><strong>constanter</strong></span> <span class='ocrx_word' id='word_1_13' title='bbox 723 433 939 517; x_wconf 87' lang='lat' dir='ltr'><strong>perseverandi</strong></span> <span class='ocrx_word' id='word_1_14' title='bbox 962 433 1140 502; x_wconf 77' lang='lat' dir='ltr'><strong>satisfacere</strong></span> <span class='ocrx_word' id='word_1_15' title='bbox 1162 451 1341 518; x_wconf 87' lang='lat' dir='ltr'><strong>possemus,</strong></span> <span class='ocrx_word' id='word_1_16' title='bbox 1372 433 1456 499; x_wconf 88' lang='lat' dir='ltr'><strong>Deus</strong></span> 
     </span>
     <span class='ocr_line' id='line_1_3' title="bbox 214 535 1456 624; baseline 0 -22"><span class='ocrx_word' id='word_1_17' title='bbox 214 556 268 622; x_wconf 89' lang='lat' dir='ltr'><strong>por</strong></span> <span class='ocrx_word' id='word_1_18' title='bbox 290 537 407 602; x_wconf 85' lang='lat' dir='ltr'><strong>Eilinm</strong></span> <span class='ocrx_word' id='word_1_19' title='bbox 428 554 519 601; x_wconf 90' lang='lat' dir='ltr'><strong>sunm</strong></span> <span class='ocrx_word' id='word_1_20' title='bbox 542 535 737 620; x_wconf 88' lang='lat' dir='ltr'><strong>unigenitum</strong></span> <span class='ocrx_word' id='word_1_21' title='bbox 761 537 933 604; x_wconf 88' lang='lat' dir='ltr'><strong>Ecclesiam</strong></span> <span class='ocrx_word' id='word_1_22' title='bbox 955 537 1103 618; x_wconf 72' lang='lat' dir='ltr'><strong>instituit,</strong></span> <span class='ocrx_word' id='word_1_23' title='bbox 1127 555 1260 624; x_wconf 88' lang='lat' dir='ltr'><strong>suaeque</strong></span> <span class='ocrx_word' id='word_1_24' title='bbox 1283 537 1456 602; x_wconf 89' lang='lat' dir='ltr'><strong>institutio-</strong></span> 
     </span>
     <span class='ocr_line' id='line_1_4' title="bbox 215 639 1458 728; baseline -0.001 -21"><span class='ocrx_word' id='word_1_25' title='bbox 215 641 262 707; x_wconf 89' lang='lat' dir='ltr'><strong>nis</strong></span> <span class='ocrx_word' id='word_1_26' title='bbox 284 641 457 708; x_wconf 75' lang='lat' dir='ltr'><strong>manifestis</strong></span> <span class='ocrx_word' id='word_1_27' title='bbox 485 641 567 706; x_wconf 88' lang='lat' dir='ltr'><strong>notis</strong></span> <span class='ocrx_word' id='word_1_28' title='bbox 588 639 758 721; x_wconf 83' lang='lat' dir='ltr'><strong>instruxit,</strong></span> <span class='ocrx_word' id='word_1_29' title='bbox 791 643 829 706; x_wconf 89' lang='lat' dir='ltr'><strong>nt</strong></span> <span class='ocrx_word' id='word_1_30' title='bbox 856 660 893 708; x_wconf 87' lang='lat' dir='ltr'><strong>aa</strong></span> <span class='ocrx_word' id='word_1_31' title='bbox 922 641 1083 725; x_wconf 87' lang='lat' dir='ltr'><strong>tamquam</strong></span> <span class='ocrx_word' id='word_1_32' title='bbox 1112 643 1215 707; x_wconf 88' lang='lat' dir='ltr'><strong>custos</strong></span> <span class='ocrx_word' id='word_1_33' title='bbox 1243 642 1275 706; x_wconf 89' lang='lat' dir='ltr'><strong>et</strong></span> <span class='ocrx_word' id='word_1_34' title='bbox 1305 641 1458 728; x_wconf 88' lang='lat' dir='ltr'><strong>magistra</strong></span> 
     </span>
     <span class='ocr_line' id='line_1_5' title="bbox 214 743 1459 831; baseline -0.001 -19"><span class='ocrx_word' id='word_1_35' title='bbox 214 745 300 812; x_wconf 86' lang='lat' dir='ltr'><strong>verbi</strong></span> <span class='ocrx_word' id='word_1_36' title='bbox 322 743 451 812; x_wconf 86' lang='lat' dir='ltr'><strong>revelati</strong></span> <span class='ocrx_word' id='word_1_37' title='bbox 475 743 513 810; x_wconf 86' lang='lat' dir='ltr'><strong>ab</strong></span> <span class='ocrx_word' id='word_1_38' title='bbox 535 744 678 810; x_wconf 90' lang='lat' dir='ltr'><strong>omnibus</strong></span> <span class='ocrx_word' id='word_1_39' title='bbox 707 747 812 830; x_wconf 88' lang='lat' dir='ltr'><strong>posset</strong></span> <span class='ocrx_word' id='word_1_40' title='bbox 838 743 973 831; x_wconf 88' lang='lat' dir='ltr'><strong>agnosci.</strong></span> <span class='ocrx_word' id='word_1_41' title='bbox 1019 743 1069 810; x_wconf 83' lang='lat' dir='ltr'><strong>Ad</strong></span> <span class='ocrx_word' id='word_1_42' title='bbox 1100 744 1198 814; x_wconf 86' lang='lat' dir='ltr'><strong>solam</strong></span> <span class='ocrx_word' id='word_1_43' title='bbox 1221 743 1303 810; x_wconf 89' lang='lat' dir='ltr'><strong>enim</strong></span> <span class='ocrx_word' id='word_1_44' title='bbox 1326 744 1459 811; x_wconf 85' lang='lat' dir='ltr'><strong>catholi-</strong></span> 
     </span>
     <span class='ocr_line' id='line_1_6' title="bbox 215 845 1458 934; baseline 0.001 -20"><span class='ocrx_word' id='word_1_45' title='bbox 215 866 282 914; x_wconf 90' lang='lat' dir='ltr'><strong>cam</strong></span> <span class='ocrx_word' id='word_1_46' title='bbox 305 847 477 916; x_wconf 74' lang='lat' dir='ltr'><strong>Ecclesiam</strong></span> <span class='ocrx_word' id='word_1_47' title='bbox 498 868 536 914; x_wconf 86' lang='lat' dir='ltr'><strong>ea</strong></span> <span class='ocrx_word' id='word_1_48' title='bbox 557 849 715 933; x_wconf 87' lang='lat' dir='ltr'><strong>pertinent</strong></span> <span class='ocrx_word' id='word_1_49' title='bbox 736 850 848 930; x_wconf 88' lang='lat' dir='ltr'><strong>omnia,</strong></span> <span class='ocrx_word' id='word_1_50' title='bbox 872 867 951 934; x_wconf 88' lang='lat' dir='ltr'><strong>qnae</strong></span> <span class='ocrx_word' id='word_1_51' title='bbox 973 849 1013 916; x_wconf 93' lang='lat' dir='ltr'><strong>ad</strong></span> <span class='ocrx_word' id='word_1_52' title='bbox 1036 847 1209 916; x_wconf 83' lang='lat' dir='ltr'><strong>evidentem</strong></span> <span class='ocrx_word' id='word_1_53' title='bbox 1225 845 1298 915; x_wconf 88' lang='lat' dir='ltr'><strong>fidei</strong></span> <span class='ocrx_word' id='word_1_54' title='bbox 1313 846 1458 915; x_wconf 88' lang='lat' dir='ltr'><strong>christia·</strong></span> 
     </span>
     <span class='ocr_line' id='line_1_7' title="bbox 215 952 1456 1039; baseline 0.001 -21"><span class='ocrx_word' id='word_1_55' title='bbox 215 971 273 1018; x_wconf 87' lang='lat' dir='ltr'><strong>nac</strong></span> <span class='ocrx_word' id='word_1_56' title='bbox 295 952 535 1020; x_wconf 89' lang='lat' dir='ltr'><strong>credibilitatem</strong></span> <span class='ocrx_word' id='word_1_57' title='bbox 556 955 623 1019; x_wconf 92' lang='lat' dir='ltr'><strong>tam</strong></span> <span class='ocrx_word' id='word_1_58' title='bbox 652 953 753 1021; x_wconf 88' lang='lat' dir='ltr'><strong>multa</strong></span> <span class='ocrx_word' id='word_1_59' title='bbox 783 956 816 1021; x_wconf 91' lang='lat' dir='ltr'><strong>et</strong></span> <span class='ocrx_word' id='word_1_60' title='bbox 837 957 904 1022; x_wconf 90' lang='lat' dir='ltr'><strong>tam</strong></span> <span class='ocrx_word' id='word_1_61' title='bbox 925 955 1007 1021; x_wconf 90' lang='lat' dir='ltr'><strong>mira</strong></span> <span class='ocrx_word' id='word_1_62' title='bbox 1028 953 1180 1022; x_wconf 81' lang='lat' dir='ltr'><strong>divinitus</strong></span> <span class='ocrx_word' id='word_1_63' title='bbox 1203 956 1277 1020; x_wconf 89' lang='lat' dir='ltr'><strong>sunt</strong></span> <span class='ocrx_word' id='word_1_64' title='bbox 1298 953 1456 1039; x_wconf 88' lang='lat' dir='ltr'><strong>disposita.</strong></span> 
     </span>
     <span class='ocr_line' id='line_1_8' title="bbox 215 1055 1458 1144; baseline 0.002 -22"><span class='ocrx_word' id='word_1_65' title='bbox 215 1055 413 1139; x_wconf 84' lang='lat' dir='ltr'><strong>Quinetiam</strong></span> <span class='ocrx_word' id='word_1_66' title='bbox 435 1056 575 1124; x_wconf 78' lang='lat' dir='ltr'><strong>Ecclesia</strong></span> <span class='ocrx_word' id='word_1_67' title='bbox 596 1074 651 1142; x_wconf 91' lang='lat' dir='ltr'><strong>per</strong></span> <span class='ocrx_word' id='word_1_68' title='bbox 672 1075 706 1125; x_wconf 91' lang='lat' dir='ltr'><strong>se</strong></span> <span class='ocrx_word' id='word_1_69' title='bbox 727 1059 812 1144; x_wconf 87' lang='lat' dir='ltr'><strong>ipsa,</strong></span> <span class='ocrx_word' id='word_1_70' title='bbox 843 1060 881 1126; x_wconf 95' lang='lat' dir='ltr'><strong>ob</strong></span> <span class='ocrx_word' id='word_1_71' title='bbox 904 1077 993 1125; x_wconf 89' lang='lat' dir='ltr'><strong>suam</strong></span> <span class='ocrx_word' id='word_1_72' title='bbox 1015 1077 1124 1144; x_wconf 84' lang='lat' dir='ltr'><strong>nempe</strong></span> <span class='ocrx_word' id='word_1_73' title='bbox 1147 1055 1365 1126; x_wconf 88' lang='lat' dir='ltr'><strong>admirabilem</strong></span> <span class='ocrx_word' id='word_1_74' title='bbox 1386 1077 1458 1143; x_wconf 90' lang='lat' dir='ltr'><strong>pro-</strong></span> 
     </span>
     <span class='ocr_line' id='line_1_9' title="bbox 215 1161 1459 1246; baseline 0.002 -20"><span class='ocrx_word' id='word_1_75' title='bbox 215 1161 433 1246; x_wconf 88' lang='lat' dir='ltr'><strong>pagationem,</strong></span> <span class='ocrx_word' id='word_1_76' title='bbox 465 1161 609 1228; x_wconf 86' lang='lat' dir='ltr'><strong>eximiam</strong></span> <span class='ocrx_word' id='word_1_77' title='bbox 631 1163 828 1229; x_wconf 83' lang='lat' dir='ltr'><strong>sanctitatem</strong></span> <span class='ocrx_word' id='word_1_78' title='bbox 857 1165 891 1230; x_wconf 90' lang='lat' dir='ltr'><strong>et</strong></span> <span class='ocrx_word' id='word_1_79' title='bbox 911 1163 1128 1230; x_wconf 81' lang='lat' dir='ltr'><strong>inexhaustam</strong></span> <span class='ocrx_word' id='word_1_80' title='bbox 1149 1163 1182 1228; x_wconf 91' lang='lat' dir='ltr'><strong>in</strong></span> <span class='ocrx_word' id='word_1_81' title='bbox 1204 1163 1348 1230; x_wconf 89' lang='lat' dir='ltr'><strong>omnibus</strong></span> <span class='ocrx_word' id='word_1_82' title='bbox 1368 1163 1459 1230; x_wconf 89' lang='lat' dir='ltr'><strong>bonis</strong></span> 
     </span>
     <span class='ocr_line' id='line_1_10' title="bbox 219 1265 1459 1355; baseline 0.002 -23"><span class='ocrx_word' id='word_1_83' title='bbox 219 1265 482 1352; x_wconf 79' lang='lat' dir='ltr'><strong>foecunditatem,</strong></span> <span class='ocrx_word' id='word_1_84' title='bbox 516 1265 555 1332; x_wconf 91' lang='lat' dir='ltr'><strong>ob</strong></span> <span class='ocrx_word' id='word_1_85' title='bbox 582 1267 769 1334; x_wconf 88' lang='lat' dir='ltr'><strong>catholicam</strong></span> <span class='ocrx_word' id='word_1_86' title='bbox 798 1269 976 1348; x_wconf 90' lang='lat' dir='ltr'><strong>unitatem,</strong></span> <span class='ocrx_word' id='word_1_87' title='bbox 1005 1269 1215 1355; x_wconf 84' lang='lat' dir='ltr'><strong>invictamque</strong></span> <span class='ocrx_word' id='word_1_88' title='bbox 1242 1271 1459 1350; x_wconf 88' lang='lat' dir='ltr'><strong>stabilitatem,</strong></span> 
     </span>
     <span class='ocr_line' id='line_1_11' title="bbox 217 1365 1460 1456; baseline 0.006 -22"><span class='ocrx_word' id='word_1_89' title='bbox 217 1387 366 1455; x_wconf 88' lang='lat' dir='ltr'><strong>magnum</strong></span> <span class='ocrx_word' id='word_1_90' title='bbox 389 1368 545 1455; x_wconf 85' lang='lat' dir='ltr'><strong>quoddam</strong></span> <span class='ocrx_word' id='word_1_91' title='bbox 567 1372 600 1437; x_wconf 89' lang='lat' dir='ltr'><strong>ot</strong></span> <span class='ocrx_word' id='word_1_92' title='bbox 620 1373 804 1456; x_wconf 87' lang='lat' dir='ltr'><strong>perpetuum</strong></span> <span class='ocrx_word' id='word_1_93' title='bbox 839 1375 888 1440; x_wconf 90' lang='lat' dir='ltr'><strong>est</strong></span> <span class='ocrx_word' id='word_1_94' title='bbox 908 1365 1058 1441; x_wconf 78' lang='lat' dir='ltr'><strong>motivum</strong></span> <span class='ocrx_word' id='word_1_95' title='bbox 1083 1375 1302 1442; x_wconf 88' lang='lat' dir='ltr'><strong>credibilitatis</strong></span> <span class='ocrx_word' id='word_1_96' title='bbox 1326 1381 1358 1442; x_wconf 91' lang='lat' dir='ltr'><strong>et</strong></span> <span class='ocrx_word' id='word_1_97' title='bbox 1380 1375 1460 1442; x_wconf 84' lang='lat' dir='ltr'><strong>divi·</strong></span> 
     </span>
     <span class='ocr_line' id='line_1_12' title="bbox 215 1475 1043 1564; baseline 0.008 -25"><span class='ocrx_word' id='word_1_98' title='bbox 215 1491 274 1540; x_wconf 87' lang='lat' dir='ltr'><strong>nae</strong></span> <span class='ocrx_word' id='word_1_99' title='bbox 297 1493 371 1540; x_wconf 90' lang='lat' dir='ltr'><strong>suae</strong></span> <span class='ocrx_word' id='word_1_100' title='bbox 392 1475 558 1560; x_wconf 79' lang='lat' dir='ltr'><strong>legationis</strong></span> <span class='ocrx_word' id='word_1_101' title='bbox 579 1477 798 1542; x_wconf 88' lang='lat' dir='ltr'><strong>testimonium</strong></span> <span class='ocrx_word' id='word_1_102' title='bbox 819 1475 1043 1564; x_wconf 81' lang='lat' dir='ltr'><strong>irrefragabilo.</strong></span> 
     </span>
    </p>
   </div>
   <div class='ocr_carea' id='block_1_3' title="bbox 86 1875 1458 1984">
    <p class='ocr_par' dir='ltr' id='par_1_3' title="bbox 86 1875 1458 1984">
     <span class='ocr_line' id='line_1_13' title="bbox 86 1875 1458 1984; baseline 0.01 -35"><span class='ocrx_word' id='word_1_103' title='bbox 86 1924 93 1933; x_wconf 85' lang='lat'>·</span> <span class='ocrx_word' id='word_1_104' title='bbox 147 1917 152 1931; x_wconf 55' lang='lat' dir='ltr'>v</span> <span class='ocrx_word' id='word_1_105' title='bbox 174 1891 182 1929; x_wconf 42' lang='grc' dir='ltr'>ἰ</span> <span class='ocrx_word' id='word_1_106' title='bbox 199 1882 205 1937; x_wconf 76' lang='grc' dir='ltr'>ἱ</span> <span class='ocrx_word' id='word_1_107' title='bbox 227 1875 446 1984; x_wconf 60' lang='lat' dir='ltr'><strong>1-2&#39;31Qn0fin</strong></span> <span class='ocrx_word' id='word_1_108' title='bbox 470 1896 507 1961; x_wconf 91' lang='lat' dir='ltr'><strong>nt</strong></span> <span class='ocrx_word' id='word_1_109' title='bbox 528 1894 595 1977; x_wconf 88' lang='lat' dir='ltr'><strong>ipsa</strong></span> <span class='ocrx_word' id='word_1_110' title='bbox 617 1893 715 1960; x_wconf 81' lang='lat' dir='ltr'><strong>veluti</strong></span> <span class='ocrx_word' id='word_1_111' title='bbox 731 1893 854 1980; x_wconf 88' lang='lat' dir='ltr'><strong>siguum</strong></span> <span class='ocrx_word' id='word_1_112' title='bbox 870 1896 1008 1962; x_wconf 84' lang='lat' dir='ltr'><strong>levatum</strong></span> <span class='ocrx_word' id='word_1_113' title='bbox 1023 1895 1055 1962; x_wconf 92' lang='lat' dir='ltr'><strong>in</strong></span> <span class='ocrx_word' id='word_1_114' title='bbox 1071 1895 1211 1964; x_wconf 89' lang='lat' dir='ltr'><strong>nationes</strong></span> <span class='ocrx_word' id='word_1_115' title='bbox 1233 1897 1286 1981; x_wconf 89' lang='lat' dir='ltr'><strong>(ls.</strong></span> <span class='ocrx_word' id='word_1_116' title='bbox 1300 1897 1365 1976; x_wconf 81' lang='lat' dir='ltr'><strong>XL,</strong></span> <span class='ocrx_word' id='word_1_117' title='bbox 1381 1899 1458 1980; x_wconf 81' lang='lat' dir='ltr'><strong>la),</strong></span> 
     </span>
    </p>
   </div>
   <div class='ocr_carea' id='block_1_4' title="bbox 137 1997 1540 3645">
    <p class='ocr_par' dir='ltr' id='par_1_4' title="bbox 137 1997 1540 3645">
     <span class='ocr_line' id='line_1_14' title="bbox 137 1997 1458 2082; baseline 0.002 -18"><span class='ocrx_word' id='word_1_118' title='bbox 137 2006 140 2014; x_wconf 84' lang='lat'>&#39;</span> <span class='ocrx_word' id='word_1_119' title='bbox 213 1999 249 2064; x_wconf 70' lang='lat' dir='ltr'><strong>‘et</strong></span> <span class='ocrx_word' id='word_1_120' title='bbox 271 1998 311 2064; x_wconf 91' lang='lat' dir='ltr'><strong>ad</strong></span> <span class='ocrx_word' id='word_1_121' title='bbox 332 2017 364 2064; x_wconf 90' lang='lat' dir='ltr'><strong>se</strong></span> <span class='ocrx_word' id='word_1_122' title='bbox 386 1997 509 2080; x_wconf 82' lang='lat' dir='ltr'><strong>inritet,</strong></span> <span class='ocrx_word' id='word_1_123' title='bbox 533 1998 587 2082; x_wconf 87' lang='lat' dir='ltr'><strong>qni</strong></span> <span class='ocrx_word' id='word_1_124' title='bbox 609 1997 744 2065; x_wconf 88' lang='lat' dir='ltr'><strong>nondum</strong></span> <span class='ocrx_word' id='word_1_125' title='bbox 767 2000 973 2080; x_wconf 89' lang='lat' dir='ltr'><strong>crediderunt,</strong></span> <span class='ocrx_word' id='word_1_126' title='bbox 997 2001 1029 2066; x_wconf 90' lang='lat' dir='ltr'><strong>et</strong></span> <span class='ocrx_word' id='word_1_127' title='bbox 1051 2000 1131 2066; x_wconf 89' lang='lat' dir='ltr'><strong>filios</strong></span> <span class='ocrx_word' id='word_1_128' title='bbox 1154 2019 1224 2066; x_wconf 89' lang='lat' dir='ltr'><strong>suos</strong></span> <span class='ocrx_word' id='word_1_129' title='bbox 1247 2001 1392 2066; x_wconf 89' lang='lat' dir='ltr'><strong>certiores</strong></span> <span class='ocrx_word' id='word_1_130' title='bbox 1411 2001 1427 2066; x_wconf 83' lang='lat' dir='ltr'>f</span> <span class='ocrx_word' id='word_1_131' title='bbox 1443 2036 1458 2051; x_wconf 92' lang='lat'>-</span> 
     </span>
     <span class='ocr_line' id='line_1_15' title="bbox 215 2101 1540 2188; baseline 0.002 -21"><span class='ocrx_word' id='word_1_132' title='bbox 215 2103 287 2184; x_wconf 85' lang='lat' dir='ltr'><strong>ciat,</strong></span> <span class='ocrx_word' id='word_1_133' title='bbox 312 2101 488 2170; x_wconf 81' lang='lat' dir='ltr'><strong>firmissimo</strong></span> <span class='ocrx_word' id='word_1_134' title='bbox 509 2102 570 2168; x_wconf 93' lang='lat' dir='ltr'><strong>niti</strong></span> <span class='ocrx_word' id='word_1_135' title='bbox 591 2101 791 2168; x_wconf 86' lang='lat' dir='ltr'><strong>fundamento</strong></span> <span class='ocrx_word' id='word_1_136' title='bbox 813 2101 924 2184; x_wconf 87' lang='lat' dir='ltr'><strong>tidem,</strong></span> <span class='ocrx_word' id='word_1_137' title='bbox 953 2122 1047 2188; x_wconf 87' lang='lat' dir='ltr'><strong>qnam</strong></span> <span class='ocrx_word' id='word_1_138' title='bbox 1069 2103 1263 2187; x_wconf 86' lang='lat' dir='ltr'><strong>profitentur,</strong></span> <span class='ocrx_word' id='word_1_139' title='bbox 1309 2103 1367 2170; x_wconf 83' lang='lat' dir='ltr'><strong>Oui</strong></span> <span class='ocrx_word' id='word_1_140' title='bbox 1388 2103 1458 2188; x_wconf 90' lang='lat' dir='ltr'><strong>qui·</strong></span> <span class='ocrx_word' id='word_1_141' title='bbox 1534 2131 1540 2142; x_wconf 95' lang='lat'><em>·</em></span> 
     </span>
     <span class='ocr_line' id='line_1_16' title="bbox 215 2197 1456 2293; baseline 0.002 -21"><span class='ocrx_word' id='word_1_142' title='bbox 215 2207 284 2273; x_wconf 91' lang='lat' dir='ltr'><strong>dem</strong></span> <span class='ocrx_word' id='word_1_143' title='bbox 308 2205 486 2274; x_wconf 89' lang='lat' dir='ltr'><strong>testimonio</strong></span> <span class='ocrx_word' id='word_1_144' title='bbox 509 2207 617 2274; x_wconf 83' lang='lat' dir='ltr'><strong>efficax</strong></span> <span class='ocrx_word' id='word_1_145' title='bbox 639 2205 809 2274; x_wconf 90' lang='lat' dir='ltr'><strong>subsidium</strong></span> <span class='ocrx_word' id='word_1_146' title='bbox 834 2197 960 2274; x_wconf 76' lang='lat' dir='ltr'><strong>accedit</strong></span> <span class='ocrx_word' id='word_1_147' title='bbox 975 2225 1011 2276; x_wconf 87' lang='lat' dir='ltr'><strong>ex</strong></span> <span class='ocrx_word' id='word_1_148' title='bbox 1026 2228 1158 2293; x_wconf 83' lang='lat' dir='ltr'><strong>superna</strong></span> <span class='ocrx_word' id='word_1_149' title='bbox 1172 2209 1300 2276; x_wconf 82' lang='lat' dir='ltr'><strong>virtute,</strong></span> <span class='ocrx_word' id='word_1_150' title='bbox 1333 2211 1456 2276; x_wconf 80' lang='lat' dir='ltr'><strong>Etenim</strong></span> 
     </span>
     <span class='ocr_line' id='line_1_17' title="bbox 216 2311 1456 2399; baseline -0.001 -20"><span class='ocrx_word' id='word_1_151' title='bbox 216 2313 455 2396; x_wconf 88' lang='lat' dir='ltr'><strong>benignissimus</strong></span> <span class='ocrx_word' id='word_1_152' title='bbox 477 2311 628 2378; x_wconf 86' lang='lat' dir='ltr'><strong>Dominus</strong></span> <span class='ocrx_word' id='word_1_153' title='bbox 649 2313 683 2379; x_wconf 91' lang='lat' dir='ltr'><strong>et</strong></span> <span class='ocrx_word' id='word_1_154' title='bbox 704 2315 842 2379; x_wconf 88' lang='lat' dir='ltr'><strong>errantes</strong></span> <span class='ocrx_word' id='word_1_155' title='bbox 862 2313 965 2398; x_wconf 89' lang='lat' dir='ltr'><strong>gratia</strong></span> <span class='ocrx_word' id='word_1_156' title='bbox 988 2332 1044 2378; x_wconf 89' lang='lat' dir='ltr'><strong>sua</strong></span> <span class='ocrx_word' id='word_1_157' title='bbox 1066 2315 1182 2380; x_wconf 86' lang='lat' dir='ltr'><strong>excitat</strong></span> <span class='ocrx_word' id='word_1_158' title='bbox 1204 2315 1298 2398; x_wconf 88' lang='lat' dir='ltr'><strong>atque</strong></span> <span class='ocrx_word' id='word_1_159' title='bbox 1320 2315 1456 2399; x_wconf 85' lang='lat' dir='ltr'><strong>adjuvat,</strong></span> 
     </span>
     <span class='ocr_line' id='line_1_18' title="bbox 215 2415 1458 2502; baseline 0.002 -21"><span class='ocrx_word' id='word_1_160' title='bbox 215 2419 252 2482; x_wconf 92' lang='lat' dir='ltr'><strong>ut</strong></span> <span class='ocrx_word' id='word_1_161' title='bbox 275 2415 315 2482; x_wconf 92' lang='lat' dir='ltr'><strong>ad</strong></span> <span class='ocrx_word' id='word_1_162' title='bbox 338 2415 527 2500; x_wconf 87' lang='lat' dir='ltr'><strong>agnitionem</strong></span> <span class='ocrx_word' id='word_1_163' title='bbox 551 2416 693 2482; x_wconf 84' lang='lat' dir='ltr'><strong>veritatis</strong></span> <span class='ocrx_word' id='word_1_164' title='bbox 715 2416 820 2483; x_wconf 87' lang='lat' dir='ltr'><strong>venire</strong></span> <span class='ocrx_word' id='word_1_165' title='bbox 842 2417 975 2500; x_wconf 87' lang='lat' dir='ltr'><strong>possint:</strong></span> <span class='ocrx_word' id='word_1_166' title='bbox 1007 2419 1039 2483; x_wconf 91' lang='lat' dir='ltr'><strong>et</strong></span> <span class='ocrx_word' id='word_1_167' title='bbox 1061 2436 1128 2498; x_wconf 89' lang='lat' dir='ltr'><strong>eos,</strong></span> <span class='ocrx_word' id='word_1_168' title='bbox 1163 2435 1238 2502; x_wconf 87' lang='lat' dir='ltr'><strong>quos</strong></span> <span class='ocrx_word' id='word_1_169' title='bbox 1262 2417 1299 2484; x_wconf 93' lang='lat' dir='ltr'><strong>de</strong></span> <span class='ocrx_word' id='word_1_170' title='bbox 1321 2417 1458 2484; x_wconf 90' lang='lat' dir='ltr'><strong>tenebris</strong></span> 
     </span>
     <span class='ocr_line' id='line_1_19' title="bbox 214 2517 1505 2605; baseline 0.005 -19"><span class='ocrx_word' id='word_1_171' title='bbox 214 2521 377 2588; x_wconf 89' lang='lat' dir='ltr'><strong>transtulit</strong></span> <span class='ocrx_word' id='word_1_172' title='bbox 399 2523 432 2585; x_wconf 90' lang='lat' dir='ltr'><strong>in</strong></span> <span class='ocrx_word' id='word_1_173' title='bbox 454 2517 638 2586; x_wconf 89' lang='lat' dir='ltr'><strong>admirabile</strong></span> <span class='ocrx_word' id='word_1_174' title='bbox 658 2519 765 2586; x_wconf 89' lang='lat' dir='ltr'><strong>lumen</strong></span> <span class='ocrx_word' id='word_1_175' title='bbox 787 2539 890 2600; x_wconf 79' lang='lat' dir='ltr'><strong>mum,</strong></span> <span class='ocrx_word' id='word_1_176' title='bbox 921 2521 955 2586; x_wconf 91' lang='lat' dir='ltr'><strong>in</strong></span> <span class='ocrx_word' id='word_1_177' title='bbox 976 2519 1034 2586; x_wconf 91' lang='lat' dir='ltr'><strong>hoc</strong></span> <span class='ocrx_word' id='word_1_178' title='bbox 1056 2521 1163 2587; x_wconf 92' lang='lat' dir='ltr'><strong>eodem</strong></span> <span class='ocrx_word' id='word_1_179' title='bbox 1186 2520 1363 2587; x_wconf 86' lang='lat' dir='ltr'><strong>lumineut</strong></span> <span class='ocrx_word' id='word_1_180' title='bbox 1385 2539 1456 2605; x_wconf 90' lang='lat' dir='ltr'><strong>per·</strong></span> <span class='ocrx_word' id='word_1_181' title='bbox 1502 2587 1505 2592; x_wconf 90' lang='lat'>.</span> 
     </span>
     <span class='ocr_line' id='line_1_20' title="bbox 214 2613 1457 2710; baseline 0 -18"><span class='ocrx_word' id='word_1_182' title='bbox 214 2629 371 2706; x_wconf 86' lang='lat' dir='ltr'><strong>sererent,</strong></span> <span class='ocrx_word' id='word_1_183' title='bbox 395 2624 498 2710; x_wconf 88' lang='lat' dir='ltr'><strong>gratia</strong></span> <span class='ocrx_word' id='word_1_184' title='bbox 521 2643 577 2690; x_wconf 90' lang='lat' dir='ltr'><strong>sua</strong></span> <span class='ocrx_word' id='word_1_185' title='bbox 599 2613 777 2706; x_wconf 82' lang='lat' dir='ltr'><strong>confirmat,</strong></span> <span class='ocrx_word' id='word_1_186' title='bbox 800 2643 860 2692; x_wconf 93' lang='lat' dir='ltr'><strong>non</strong></span> <span class='ocrx_word' id='word_1_187' title='bbox 883 2625 1039 2707; x_wconf 88' lang='lat' dir='ltr'><strong>deserens,</strong></span> <span class='ocrx_word' id='word_1_188' title='bbox 1076 2627 1136 2691; x_wconf 90' lang='lat' dir='ltr'><strong>nisi</strong></span> <span class='ocrx_word' id='word_1_189' title='bbox 1158 2627 1328 2694; x_wconf 86' lang='lat' dir='ltr'><strong>deseratur.</strong></span> <span class='ocrx_word' id='word_1_190' title='bbox 1374 2625 1457 2707; x_wconf 83' lang='lat' dir='ltr'><strong>Quo·</strong></span> 
     </span>
     <span class='ocr_line' id='line_1_21' title="bbox 203 2729 1455 2815; baseline 0 -19"><span class='ocrx_word' id='word_1_191' title='bbox 203 2731 296 2814; x_wconf 85' lang='lat' dir='ltr'><strong>¹circa</strong></span> <span class='ocrx_word' id='word_1_192' title='bbox 318 2729 445 2795; x_wconf 88' lang='lat' dir='ltr'><strong>minime</strong></span> <span class='ocrx_word' id='word_1_193' title='bbox 467 2749 523 2812; x_wconf 91' lang='lat' dir='ltr'><strong>par</strong></span> <span class='ocrx_word' id='word_1_194' title='bbox 552 2730 601 2794; x_wconf 90' lang='lat' dir='ltr'><strong>cst</strong></span> <span class='ocrx_word' id='word_1_195' title='bbox 622 2729 758 2796; x_wconf 90' lang='lat' dir='ltr'><strong>conditio</strong></span> <span class='ocrx_word' id='word_1_196' title='bbox 781 2749 904 2810; x_wconf 88' lang='lat' dir='ltr'><strong>eornm,</strong></span> <span class='ocrx_word' id='word_1_197' title='bbox 940 2729 994 2815; x_wconf 87' lang='lat' dir='ltr'><strong>qui</strong></span> <span class='ocrx_word' id='word_1_198' title='bbox 1016 2750 1072 2815; x_wconf 88' lang='lat' dir='ltr'><strong>par</strong></span> <span class='ocrx_word' id='word_1_199' title='bbox 1094 2729 1225 2797; x_wconf 86' lang='lat' dir='ltr'><strong>coeleste</strong></span> <span class='ocrx_word' id='word_1_200' title='bbox 1247 2731 1318 2796; x_wconf 88' lang='lat' dir='ltr'><strong>fidei</strong></span> <span class='ocrx_word' id='word_1_201' title='bbox 1342 2731 1455 2797; x_wconf 90' lang='lat' dir='ltr'><strong>donum</strong></span> 
     </span>
     <span class='ocr_line' id='line_1_22' title="bbox 215 2832 1456 2920; baseline 0 -20"><span class='ocrx_word' id='word_1_202' title='bbox 215 2834 388 2901; x_wconf 91' lang='lat' dir='ltr'><strong>catholicae</strong></span> <span class='ocrx_word' id='word_1_203' title='bbox 410 2833 535 2899; x_wconf 67' lang='lat' dir='ltr'><strong>verimti</strong></span> <span class='ocrx_word' id='word_1_204' title='bbox 558 2832 779 2913; x_wconf 88' lang='lat' dir='ltr'><strong>adhaeserunt,</strong></span> <span class='ocrx_word' id='word_1_205' title='bbox 812 2836 904 2917; x_wconf 85' lang='lat' dir='ltr'><strong>atque</strong></span> <span class='ocrx_word' id='word_1_206' title='bbox 928 2854 1049 2914; x_wconf 85' lang='lat' dir='ltr'><strong>corum,</strong></span> <span class='ocrx_word' id='word_1_207' title='bbox 1076 2835 1129 2919; x_wconf 89' lang='lat' dir='ltr'><strong>qni</strong></span> <span class='ocrx_word' id='word_1_208' title='bbox 1152 2835 1239 2901; x_wconf 88' lang='lat' dir='ltr'><strong>ducti</strong></span> <span class='ocrx_word' id='word_1_209' title='bbox 1261 2835 1456 2920; x_wconf 89' lang='lat' dir='ltr'><strong>opinionibus</strong></span> 
     </span>
     <span class='ocr_line' id='line_1_23' title="bbox 213 2935 1454 3023; baseline 0.001 -19"><span class='ocrx_word' id='word_1_210' title='bbox 213 2939 367 3018; x_wconf 90' lang='lat' dir='ltr'><strong>humanis,</strong></span> <span class='ocrx_word' id='word_1_211' title='bbox 391 2937 502 3002; x_wconf 82' lang='lat' dir='ltr'><strong>talsam</strong></span> <span class='ocrx_word' id='word_1_212' title='bbox 524 2935 706 3021; x_wconf 85' lang='lat' dir='ltr'><strong>religionem</strong></span> <span class='ocrx_word' id='word_1_213' title='bbox 728 2937 906 3015; x_wconf 65' lang='lat' dir='ltr'><strong>sectantur,</strong></span> <span class='ocrx_word' id='word_1_214' title='bbox 926 2937 974 3003; x_wconf 90' lang='lat' dir='ltr'><strong>illi</strong></span> <span class='ocrx_word' id='word_1_215' title='bbox 997 2939 1100 3018; x_wconf 87' lang='lat' dir='ltr'><strong>enim,</strong></span> <span class='ocrx_word' id='word_1_216' title='bbox 1123 2942 1175 3023; x_wconf 87' lang='lat' dir='ltr'><strong>qui</strong></span> <span class='ocrx_word' id='word_1_217' title='bbox 1198 2940 1290 3004; x_wconf 87' lang='lat' dir='ltr'><strong>fidem</strong></span> <span class='ocrx_word' id='word_1_218' title='bbox 1314 2941 1370 3004; x_wconf 91' lang='lat' dir='ltr'><strong>sub</strong></span> <span class='ocrx_word' id='word_1_219' title='bbox 1393 2939 1454 3005; x_wconf 85' lang='lat' dir='ltr'><strong>Eo-</strong></span> 
     </span>
     <span class='ocr_line' id='line_1_24' title="bbox 216 3039 1457 3128; baseline -0.001 -21"><span class='ocrx_word' id='word_1_220' title='bbox 216 3043 329 3108; x_wconf 89' lang='lat' dir='ltr'><strong>clesiae</strong></span> <span class='ocrx_word' id='word_1_221' title='bbox 352 3039 531 3126; x_wconf 90' lang='lat' dir='ltr'><strong>magisterio</strong></span> <span class='ocrx_word' id='word_1_222' title='bbox 553 3042 772 3123; x_wconf 87' lang='lat' dir='ltr'><strong>susceperunt,</strong></span> <span class='ocrx_word' id='word_1_223' title='bbox 803 3041 921 3106; x_wconf 89' lang='lat' dir='ltr'><strong>nullam</strong></span> <span class='ocrx_word' id='word_1_224' title='bbox 953 3060 1087 3126; x_wconf 88' lang='lat' dir='ltr'><strong>unquam</strong></span> <span class='ocrx_word' id='word_1_225' title='bbox 1116 3042 1229 3108; x_wconf 89' lang='lat' dir='ltr'><strong>habere</strong></span> <span class='ocrx_word' id='word_1_226' title='bbox 1257 3044 1384 3128; x_wconf 91' lang='lat' dir='ltr'><strong>possunt</strong></span> <span class='ocrx_word' id='word_1_227' title='bbox 1403 3043 1457 3126; x_wconf 88' lang='lat' dir='ltr'><strong>ju·</strong></span> 
     </span>
     <span class='ocr_line' id='line_1_25' title="bbox 215 3144 1453 3224; baseline -0.001 -11"><span class='ocrx_word' id='word_1_228' title='bbox 215 3149 298 3213; x_wconf 91' lang='lat' dir='ltr'><strong>stam</strong></span> <span class='ocrx_word' id='word_1_229' title='bbox 329 3163 454 3212; x_wconf 91' lang='lat' dir='ltr'><strong>causam</strong></span> <span class='ocrx_word' id='word_1_230' title='bbox 484 3144 646 3224; x_wconf 88' lang='lat' dir='ltr'><strong>mutandi,</strong></span> <span class='ocrx_word' id='word_1_231' title='bbox 681 3146 737 3211; x_wconf 91' lang='lat' dir='ltr'><strong>ant</strong></span> <span class='ocrx_word' id='word_1_232' title='bbox 766 3144 798 3209; x_wconf 93' lang='lat' dir='ltr'><strong>in</strong></span> <span class='ocrx_word' id='word_1_233' title='bbox 832 3145 958 3210; x_wconf 87' lang='lat' dir='ltr'><strong>dubium</strong></span> <span class='ocrx_word' id='word_1_234' title='bbox 991 3145 1083 3212; x_wconf 90' lang='lat' dir='ltr'><strong>fidem</strong></span> <span class='ocrx_word' id='word_1_235' title='bbox 1114 3147 1252 3212; x_wconf 91' lang='lat' dir='ltr'><strong>eamdem</strong></span> <span class='ocrx_word' id='word_1_236' title='bbox 1283 3145 1453 3212; x_wconf 82' lang='lat' dir='ltr'><strong>revocandi.</strong></span> 
     </span>
     <span class='ocr_line' id='line_1_26' title="bbox 215 3247 1455 3337; baseline -0.001 -21"><span class='ocrx_word' id='word_1_237' title='bbox 215 3249 299 3334; x_wconf 81' lang='lat' dir='ltr'><strong>Quae</strong></span> <span class='ocrx_word' id='word_1_238' title='bbox 322 3267 393 3316; x_wconf 92' lang='lat' dir='ltr'><strong>cnm</strong></span> <span class='ocrx_word' id='word_1_239' title='bbox 414 3249 460 3314; x_wconf 90' lang='lat' dir='ltr'><strong>ita</strong></span> <span class='ocrx_word' id='word_1_240' title='bbox 482 3247 554 3329; x_wconf 90' lang='lat' dir='ltr'><strong>sint,</strong></span> <span class='ocrx_word' id='word_1_241' title='bbox 576 3249 694 3334; x_wconf 85' lang='lat' dir='ltr'><strong>gratias</strong></span> <span class='ocrx_word' id='word_1_242' title='bbox 717 3251 844 3334; x_wconf 81' lang='lat' dir='ltr'><strong>agentes</strong></span> <span class='ocrx_word' id='word_1_243' title='bbox 866 3249 929 3315; x_wconf 88' lang='lat' dir='ltr'><strong>Deo</strong></span> <span class='ocrx_word' id='word_1_244' title='bbox 951 3251 1056 3330; x_wconf 89' lang='lat' dir='ltr'><strong>Patri,</strong></span> <span class='ocrx_word' id='word_1_245' title='bbox 1090 3251 1144 3335; x_wconf 90' lang='lat' dir='ltr'><strong>qui</strong></span> <span class='ocrx_word' id='word_1_246' title='bbox 1167 3251 1277 3337; x_wconf 88' lang='lat' dir='ltr'><strong>dignos</strong></span> <span class='ocrx_word' id='word_1_247' title='bbox 1301 3271 1354 3317; x_wconf 90' lang='lat' dir='ltr'><strong>nos</strong></span> <span class='ocrx_word' id='word_1_248' title='bbox 1381 3251 1455 3316; x_wconf 89' lang='lat' dir='ltr'><strong>lecit</strong></span> 
     </span>
     <span class='ocr_line' id='line_1_27' title="bbox 215 3353 1452 3442; baseline -0.002 -21"><span class='ocrx_word' id='word_1_249' title='bbox 215 3355 248 3421; x_wconf 91' lang='lat' dir='ltr'><strong>in</strong></span> <span class='ocrx_word' id='word_1_250' title='bbox 270 3355 389 3438; x_wconf 84' lang='lat' dir='ltr'><strong>partam</strong></span> <span class='ocrx_word' id='word_1_251' title='bbox 412 3353 504 3418; x_wconf 89' lang='lat' dir='ltr'><strong>sortis</strong></span> <span class='ocrx_word' id='word_1_252' title='bbox 526 3356 702 3419; x_wconf 77' lang='lat' dir='ltr'><strong>sanctourm</strong></span> <span class='ocrx_word' id='word_1_253' title='bbox 724 3353 757 3418; x_wconf 89' lang='lat' dir='ltr'><strong>in</strong></span> <span class='ocrx_word' id='word_1_254' title='bbox 777 3354 912 3434; x_wconf 86' lang='lat' dir='ltr'><strong>lamine,</strong></span> <span class='ocrx_word' id='word_1_255' title='bbox 942 3355 1063 3420; x_wconf 88' lang='lat' dir='ltr'><strong>tantam</strong></span> <span class='ocrx_word' id='word_1_256' title='bbox 1087 3375 1125 3421; x_wconf 92' lang='lat' dir='ltr'><strong>ne</strong></span> <span class='ocrx_word' id='word_1_257' title='bbox 1147 3357 1344 3442; x_wconf 85' lang='lat' dir='ltr'><strong>negligamus</strong></span> <span class='ocrx_word' id='word_1_258' title='bbox 1367 3355 1452 3420; x_wconf 90' lang='lat' dir='ltr'><strong>saln-</strong></span> 
     </span>
     <span class='ocr_line' id='line_1_28' title="bbox 215 3455 1453 3542; baseline -0.002 -16"><span class='ocrx_word' id='word_1_259' title='bbox 215 3463 290 3538; x_wconf 88' lang='lat' dir='ltr'><strong>tem,</strong></span> <span class='ocrx_word' id='word_1_260' title='bbox 314 3455 367 3523; x_wconf 92' lang='lat' dir='ltr'><strong>sed</strong></span> <span class='ocrx_word' id='word_1_261' title='bbox 390 3457 573 3540; x_wconf 90' lang='lat' dir='ltr'><strong>aspicientes</strong></span> <span class='ocrx_word' id='word_1_262' title='bbox 595 3457 627 3522; x_wconf 90' lang='lat' dir='ltr'><strong>in</strong></span> <span class='ocrx_word' id='word_1_263' title='bbox 648 3459 804 3524; x_wconf 88' lang='lat' dir='ltr'><strong>auctorem</strong></span> <span class='ocrx_word' id='word_1_264' title='bbox 829 3459 900 3524; x_wconf 87' lang='lat' dir='ltr'><strong>fidei</strong></span> <span class='ocrx_word' id='word_1_265' title='bbox 924 3461 957 3524; x_wconf 91' lang='lat' dir='ltr'><strong>et</strong></span> <span class='ocrx_word' id='word_1_266' title='bbox 971 3462 1247 3526; x_wconf 87' lang='lat' dir='ltr'><strong>consummatorem</strong></span> <span class='ocrx_word' id='word_1_267' title='bbox 1263 3459 1382 3542; x_wconf 80' lang='lat' dir='ltr'><strong>desum,</strong></span> <span class='ocrx_word' id='word_1_268' title='bbox 1405 3462 1453 3524; x_wconf 90' lang='lat' dir='ltr'><strong>tc-</strong></span> 
     </span>
     <span class='ocr_line' id='line_1_29' title="bbox 216 3561 1104 3645; baseline 0 -15"><span class='ocrx_word' id='word_1_269' title='bbox 216 3579 343 3630; x_wconf 88' lang='lat' dir='ltr'><strong>neamus</strong></span> <span class='ocrx_word' id='word_1_270' title='bbox 365 3562 431 3645; x_wconf 91' lang='lat' dir='ltr'><strong>spei</strong></span> <span class='ocrx_word' id='word_1_271' title='bbox 454 3562 577 3627; x_wconf 88' lang='lat' dir='ltr'><strong>nostrae</strong></span> <span class='ocrx_word' id='word_1_272' title='bbox 600 3562 820 3629; x_wconf 82' lang='lat' dir='ltr'><strong>confessionem</strong></span> <span class='ocrx_word' id='word_1_273' title='bbox 843 3561 1104 3630; x_wconf 88' lang='lat' dir='ltr'><strong>indeclinabilem.</strong></span> 
     </span>
    </p>
   </div>
   <div class='ocr_carea' id='block_1_5' title="bbox 532 4377 1188 4463">
    <p class='ocr_par' dir='ltr' id='par_1_5' title="bbox 532 4377 1188 4463">
     <span class='ocr_line' id='line_1_30' title="bbox 532 4377 1188 4463; baseline 0.005 -16"><span class='ocrx_word' id='word_1_274' title='bbox 532 4379 635 4463; x_wconf 66' lang='lat' dir='ltr'><strong>copon</strong></span> <span class='ocrx_word' id='word_1_275' title='bbox 656 4377 718 4446; x_wconf 80' lang='lat' dir='ltr'><strong>IV.</strong></span> <span class='ocrx_word' id='word_1_276' title='bbox 764 4379 814 4445; x_wconf 88' lang='lat' dir='ltr'><strong>Dc</strong></span> <span class='ocrx_word' id='word_1_277' title='bbox 835 4379 919 4447; x_wconf 79' lang='lat' dir='ltr'><strong>Fide</strong></span> <span class='ocrx_word' id='word_1_278' title='bbox 940 4387 970 4446; x_wconf 86' lang='lat' dir='ltr'><strong>et</strong></span> <span class='ocrx_word' id='word_1_279' title='bbox 991 4379 1135 4450; x_wconf 73' lang='lat' dir='ltr'><strong>Ratione.</strong></span> <span class='ocrx_word' id='word_1_280' title='bbox 1178 4397 1188 4420; x_wconf 86' lang='lat'>&#39;</span> 
     </span>
    </p>
   </div>
   <div class='ocr_carea' id='block_1_6' title="bbox 216 4451 1578 4691">
    <p class='ocr_par' dir='ltr' id='par_1_6' title="bbox 216 4451 1578 4691">
     <span class='ocr_line' id='line_1_31' title="bbox 225 4451 1578 4604; baseline -0.005 -33"><span class='ocrx_word' id='word_1_281' title='bbox 225 4495 229 4502; x_wconf 72' lang='grc'>’</span> <span class='ocrx_word' id='word_1_282' title='bbox 303 4451 387 4585; x_wconf 54' lang='lat' dir='ltr'><strong>‘ilco</strong></span> <span class='ocrx_word' id='word_1_283' title='bbox 408 4522 529 4587; x_wconf 87' lang='lat' dir='ltr'><strong>quoqne</strong></span> <span class='ocrx_word' id='word_1_284' title='bbox 550 4503 717 4586; x_wconf 88' lang='lat' dir='ltr'><strong>perpetuus</strong></span> <span class='ocrx_word' id='word_1_285' title='bbox 740 4501 896 4567; x_wconf 82' lang='lat' dir='ltr'><strong>Ecclesiae</strong></span> <span class='ocrx_word' id='word_1_286' title='bbox 919 4500 1089 4567; x_wconf 89' lang='lat' dir='ltr'><strong>catholicae</strong></span> <span class='ocrx_word' id='word_1_287' title='bbox 1112 4517 1276 4566; x_wconf 89' lang='lat' dir='ltr'><strong>consensus</strong></span> <span class='ocrx_word' id='word_1_288' title='bbox 1298 4501 1401 4566; x_wconf 88' lang='lat' dir='ltr'><strong>tenuit</strong></span> <span class='ocrx_word' id='word_1_289' title='bbox 1424 4501 1456 4566; x_wconf 87' lang='lat' dir='ltr'><strong>et</strong></span> <span class='ocrx_word' id='word_1_290' title='bbox 1577 4579 1578 4604; x_wconf 14' lang='grc' dir='ltr'><strong>Χ</strong></span> 
     </span>
     <span class='ocr_line' id='line_1_32' title="bbox 216 4597 1454 4691; baseline -0.002 -19"><span class='ocrx_word' id='word_1_291' title='bbox 216 4607 322 4688; x_wconf 85' lang='lat' dir='ltr'><strong>tenet,</strong></span> <span class='ocrx_word' id='word_1_292' title='bbox 344 4605 498 4691; x_wconf 88' lang='lat' dir='ltr'><strong>duplicem</strong></span> <span class='ocrx_word' id='word_1_293' title='bbox 521 4597 586 4672; x_wconf 86' lang='lat' dir='ltr'><strong>esse</strong></span> <span class='ocrx_word' id='word_1_294' title='bbox 608 4598 748 4672; x_wconf 89' lang='lat' dir='ltr'><strong>ordinem</strong></span> <span class='ocrx_word' id='word_1_295' title='bbox 772 4601 979 4690; x_wconf 88' lang='lat' dir='ltr'><strong>cognitionis,</strong></span> <span class='ocrx_word' id='word_1_296' title='bbox 1002 4623 1062 4668; x_wconf 92' lang='lat' dir='ltr'><strong>non</strong></span> <span class='ocrx_word' id='word_1_297' title='bbox 1084 4601 1184 4668; x_wconf 88' lang='lat' dir='ltr'><strong>solnm</strong></span> <span class='ocrx_word' id='word_1_298' title='bbox 1206 4603 1377 4690; x_wconf 82' lang='lat' dir='ltr'><strong>principio¹</strong></span> <span class='ocrx_word' id='word_1_299' title='bbox 1400 4602 1454 4670; x_wconf 88' lang='lat' dir='ltr'><strong>sed</strong></span> 
     </span>
    </p>
   </div>
   <div class='ocr_carea' id='block_1_7' title="bbox 0 0 1598 4942">
    <p class='ocr_par' dir='ltr' id='par_1_7' title="bbox 0 0 1598 4942">
     <span class='ocr_line' id='line_1_33' title="bbox 0 0 1598 4942; baseline 0 0"><span class='ocrx_word' id='word_1_300' title='bbox 0 0 1598 4942; x_wconf 95' lang='lat' dir='ltr'><strong> </strong></span> 
     </span>
    </p>
   </div>
  </div>
 </body>
</html>
