3166 4934
267 789 301 874 b.
355 789 434 872 Hae
461 789 647 892 llilderunq
671 791 735 872 dea
761 791 1092 894 lballnenzqoboloa
1119 793 1152 873 ln
1179 793 1323 894 unqua.

282 963 319 1028 Iu
350 963 554 1030 Oecumanica
583 963 736 1030 Vaticana
765 963 887 1050 Synodo
918 965 1098 1050 congregati
1129 965 1359 1052 Arcaiapiscopi
1391 969 1423 1033 et

179 1068 322 1156 Episcopi
349 1067 531 1153 Hungariao
561 1068 808 1150 considerantes,
843 1071 1042 1153 praeceptum
1066 1069 1273 1136 abstinentiae
1307 1071 1346 1136 ab
1369 1091 1423 1137 esu

180 1172 317 1238 carnium
339 1171 485 1238 Sabbatis
506 1193 560 1257 per
584 1192 699 1238 annum
722 1191 793 1239 cum
816 1173 853 1239 ob
878 1173 1116 1257 frequentiorem
1140 1193 1267 1240 suorum
1279 1171 1421 1240 fidelium
1556 1199 1557 1204 ¹

180 1294 249 1340 cum
271 1275 497 1361 provinciamm
510 1277 757 1357 Austriaoarum,
781 1277 814 1342 in
836 1278 948 1362 quibus
970 1279 1167 1362 praeceptum
1190 1279 1271 1344 illud
1294 1300 1354 1345 non
1376 1281 1422 1346 to-

179 1381 248 1460 net,
272 1380 545 1462 consuetudinem,
568 1383 636 1448 tum
660 1383 703 1449 ob.
720 1381 872 1465 piscium,
896 1381 1002 1466 butyri
1024 1401 1135 1466 porro,
1159 1382 1350 1467 aliorumque
1372 1383 1421 1448 id-

179 1483 263 1549 modi
285 1484 511 1550 melentosum
533 1485 695 1550 caritatem
720 1487 834 1550 nonin
856 1485 1037 1551 civitatibus
1059 1487 1169 1565 solum,
1192 1486 1247 1552 sod
1262 1485 1328 1552 ruri
1342 1507 1418 1571 quo·

181 1606 239 1670 que
262 1588 510 1672 frequentissime
532 1589 657 1668 violari,
683 1590 851 1672 emudeqne
874 1589 1068 1655 confessariis
1090 1589 1124 1654 in
1147 1588 1178 1655 S.
1203 1589 1416 1657 Poeniteutiac

180 1691 330 1756 tribunali
351 1711 481 1777 magnas
503 1693 679 1776 multasque
700 1693 859 1759 molestias
882 1694 997 1772 creari,
1028 1694 1261 1778 'supplicuernnt
1283 1691 1419 1761 Sanctis-

181 1793 258 1860 simo
281 1795 411 1862 Domino
432 1798 557 1872 nostro,
577 1799 614 1862 ut
629 1803 835 1880 praeceptum
857 1797 1063 1864 absinentiae
1084 1797 1193 1864 diebus
1213 1797 1343 1864 Sabbata?
1359 1821 1420 1881 per

180 1917 300 1966 aaaron
315 1921 380 1983 pro
402 1901 565 1966 mercae
586 1901 757 1968 catholicoe
778 1903 814 1968 ia
828 1901 1001 1986 Emporia
1019 1901 1167 1984 fidelibus
1188 1901 1315 1986 bmiprac
1337 1903 1419 1968 relu-

180 2023 269 2082 aare,
291 2005 463 2087 itadcmque
483 2005 613 2087 inarapcr
632 2005 742 2072 Feriis
763 2007 861 2071 acatis
876 2027 938 2088 per
959 2027 1087 2084 oasam,
1108 2025 1164 2072 nce
1185 2025 1248 2072 con
1269 2007 1305 2070 ic
1325 2007 1420 2088 festo

180 2129 254 2174 raca
268 2110 394 2191 jejunio
416 2111 605 2175 cmmemaito
621 2109 757 2192 Vipilir'a,
779 2127 873 2174 asam
895 2111 1104 2193 cujuscunque
1119 2110 1326 2194 piaqrrcdinis
1348 2131 1420 2176 cora·

181 2213 287 2278 cedere
309 2213 501 2296 dipaeretar.
546 2214 631 2298 Erga
653 2213 732 2278 bano
754 2213 1009 2298 supplicationem
1032 2233 1162 2298 sequens
1184 2214 1340 2280 emanavit
1355 2215 1418 2280 Re-
1496 2297 1502 2306 Ι

183 2315 334 2400 seriptum
355 2315 586 2400 Apostolicumr

286 2419 380 2485 »arus
411 2421 473 2488 aa.
496 2421 552 2487 rx.
599 2421 792 2488 venerantes
825 2422 935 2487 araur
969 2404 1109 2488 aaronis
1144 2423 1175 2487 aa
1208 2421 1420 2506 apostolicam
1557 2475 1558 2486 ,

180 2524 440 2592 Benediotionem.
485 2526 531 2591 Ex
553 2543 710 2611 suprema,
738 2545 831 2610 quam
854 2525 902 2591 uti
925 2527 1016 2591 Beati
1039 2525 1127 2592 Petri
1148 2525 1343 2592 successores
1366 2545 1422 2612 ge·
1557 2569 1558 2596 r

179 2629 276 2694 rimm
298 2629 330 2693 in
349 2627 488 2694 Ecclesia
506 2629 565 2694 ilai
588 2630 774 2696 auctoritate
795 2629 1020 2696 ecclesiasticas
1042 2630 1128 2714 leges
1150 2630 1343 2714 gravissimis
1365 2630 1421 2696 ad-

180 2732 267 2798 ducti
289 2733 390 2798 cauma
411 2732 593 2817 quandoque
614 2735 646 2798 in
669 2735 784 2798 bouum
807 2735 839 2800 et
861 2734 1055 2799 commodum
1078 2733 1216 2800 fidelium
1235 2734 1419 2816 relaxamus,

178 2835 360 2920 praesertim
390 2855 485 2919 quum
515 2837 547 2902 id
575 2855 629 2921 per
651 2837 814 2922 Sacrorum
837 2836 1006 2903 Antistites
1035 2837 1175 2904 aNobis
1197 2839 1420 2922 expostulatur.
1557 2875 1558 2896 r

179 2939 253 3006 Jam
275 2957 347 3004 vero
369 2957 464 3022 quum
485 2937 658 3025 Hungarici
681 2941 781 3026 Regni
804 2941 1006 3008 venerabiles
1028 2941 1154 3008 Fratres
1178 2943 1419 3026 Arcbiepiscopi,

180 3043 332 3127 Episcopi,
354 3061 390 3108 ac
403 3043 566 3109 Praasnles
588 3041 715 3109 Nullius
726 3043 881 3111 Diocaesia
903 3064 965 3111 una
983 3045 1099 3124 tecum
1123 3048 1158 3111 ut
1180 3045 1324 3112 fidelibus
1347 3047 1420 3111 tua·

178 3167 247 3213 rum
270 3147 462 3214 Dioccssium
486 3147 641 3229 nonnulla,
664 3149 745 3233 quod
768 3149 808 3214 ad
831 3148 1050 3215 abstinentiam
1071 3149 1210 3215 carnium
1233 3151 1418 3236 quibusdam

178 3249 286 3317 diebus
309 3249 348 3316 ab
361 3250 518 3318 Ecclesiae
538 3251 660 3337 legibus
675 3255 897 3337 praescriptam
914 3255 1080 3320 concedere
1095 3255 1238 3334 velimus,
1261 3254 1418 3339 patierint,

177 3355 243 3422 Nos
265 3354 421 3421 rationum
441 3355 606 3421 momentis
640 3355 678 3422 ad
707 3375 773 3422 rem
801 3356 932 3440 prolatis
953 3359 1078 3422 maturo
1101 3357 1240 3424 examine
1262 3357 1421 3442 perpensis

178 3458 356 3542 hujusmodi
377 3459 635 3542 postulationibus
662 3459 858 3525 annuendum
889 3459 1144 3527 existimavimus.
1190 3459 1292 3542 Quare
1315 3479 1422 3526 omnes

180 3564 213 3629 st
235 3561 391 3647 singulos,
422 3563 533 3647 quibus
554 3565 613 3629 bae
636 3563 774 3630 Litterae
795 3563 928 3629 Nostrae
950 3563 1075 3642 lavent,
1099 3563 1264 3648 pastoralis
1287 3556 1421 3630 Nostrae

180 3667 344 3734 charitatis
368 3667 481 3733 affectu
503 3667 645 3752 prosequi
666 3666 821 3746 volentes,
852 3670 884 3733 et
906 3688 924 3734 a
946 3667 1104 3752 quibusvis
1128 3667 1421 3734 excommunicatio·

178 3771 243 3852 nis,
268 3773 299 3837 at
321 3769 496 3841 intordicti.
521 3769 651 3854 aliisque
674 3770 892 3837 ecclesiasticis
915 3772 1052 3838 censuris
1074 3773 1238 3838 sententiis
1261 3775 1293 3838 et
1314 3770 1422 3858 poenis

178 3875 286 3960 quovis
308 3875 398 3943 modo
420 3874 469 3940 val
492 3873 600 3958 quavis
632 3873 670 3938 dc
692 3893 785 3940 cansa
806 3874 880 3941 latis
903 3875 930 3941 si
952 3891 1029 3960 quas
1051 3875 1130 3942 forte
1153 3875 1340 3942 incurrerint
1362 3875 1422 3940 bu-

175 3980 227 4062 jas
248 3980 370 4043 tantum
392 3977 438 4044 rei
461 3979 565 4062 gratu
588 3976 800 4058 absolventes,
823 3981 856 4044 st
879 3980 1037 4045 absolutos
1059 3979 1123 4045 iore
1145 3983 1315 4058 censentes,
1339 3977 1422 4056 Tibi,

179 4081 372 4147 Venerabilis
394 4082 514 4159 Frater,
538 4080 717 4163 Apostolica
740 4083 927 4148 auctoritate
949 4083 1065 4149 Nostra
1086 4085 1271 4167 potestatem
1296 4084 1336 4149 ad
1352 4101 1423 4166 sep-

178 4185 319 4251 teunium
342 4183 502 4250 dumtaxat
524 4183 724 4262 duraturam,
754 4185 902 4264 iacimus,
934 4185 1022 4270 cujus
1044 4187 1075 4251 vi
1097 4205 1203 4252 omnes
1226 4187 1259 4252 et
1282 4185 1423 4270 singulos

178 4291 251 4354 torae
273 4286 494 4370 strigoniensis
517 4287 673 4354 Dioeoesis
703 4287 809 4353 lidales
839 4289 878 4354 ab
902 4289 1091 4355 abstinentia
1112 4291 1250 4356 carnium
1275 4289 1422 4356 Sabbatis

178 4391 344 4474 cujuslibet
367 4389 593 4472 hebdomadae,
626 4390 666 4456 iis
686 4392 791 4457 tamen
823 4393 971 4475 exceptis,
1003 4413 1082 4478 quae
1102 4393 1220 4478 jejunio
1243 4395 1424 4461 consecrata

178 4496 273 4572 sunt,
295 4493 457 4574 absolvas,
480 4493 651 4577 iisdemque
673 4493 853 4580 Apostolioa
872 4495 948 4562 item
969 4499 1155 4564 auctoritate
1176 4495 1292 4564 Nostra
1313 4515 1423 4564 conoe·
