3186 4942
178 351 181 356 ,
210 284 406 358 LXXXVIII
419 305 549 366 Scbcma
567 307 689 364 coaeter.
709 293 745 362 da
764 297 906 360 concord.
925 303 1009 358 inter
1028 296 1192 358 Erotes-eet
1210 299 1312 356 coelat
1333 296 1390 353 cto.

211 481 325 550 bonum
347 479 498 546 relatione
521 476 680 564 quidpiam
702 496 772 542 curn
795 476 965 542 autoritate
988 474 1175 542 constituere
1199 471 1335 556 adeoque
1357 471 1449 536 licere

210 585 375 653 catholicis
397 583 576 650 hominibus
598 582 638 648 ab
661 581 747 648 illius
769 579 975 646 decisionibus
997 578 1056 644 bac
1079 579 1117 644 de
1138 596 1172 644 re
1207 575 1310 655 editis,
1345 573 1453 642 aliter·

212 710 270 774 que
292 690 418 758 sentire.

316 792 394 876 Gap.
421 789 519 860 XIII.
542 788 593 856 Dc
612 789 780 856 concordio
802 787 1073 855 inlarEcclecr'cm
1093 782 1451 853 ctsociototemcior'tcm.

316 897 395 964 llum
416 894 515 980 igitur
539 893 701 976 utriusque
723 891 881 959 societatis
902 891 977 958 licat
1000 889 1091 958 modo
1114 889 1234 956 diuerso
1256 907 1311 972 pro
1333 887 1453 953 diverso

124 1051 130 1058 .
212 1019 317 1069 eorum
340 999 446 1066 ordine
468 1016 506 1064 ac
527 997 599 1077 linc,
620 996 705 1062 Deus
727 994 770 1064 ait
791 996 969 1076 auctonex
991 993 1058 1078 ipsa
1091 1013 1195 1060 rerum
1227 993 1340 1058 natura
1372 990 1453 1056 iuter

211 1103 382 1172 Ecclesiam
405 1105 437 1168 et
459 1101 638 1168 societatem
663 1099 784 1166 civilem
809 1099 857 1165 rel
878 1099 961 1165 inter
982 1098 1154 1182 potestates
1183 1096 1296 1180 quibus
1323 1096 1453 1177 utraque

214 1208 344 1294 regitur,
367 1225 427 1274 non
450 1225 523 1273 sana
546 1224 651 1292 pugna
672 1205 720 1270 est
742 1205 798 1271 aut
819 1201 980 1289 oppositio.

111 1389 112 1394 ἵ
322 1311 403 1393 Quin
416 1310 477 1376 imo
485 1309 625 1376 Ecclesia
637 1307 859 1392 rempublicam
871 1307 1004 1374 maximo
1017 1305 1210 1374 munimento
1222 1305 1328 1370 firmat
1339 1321 1376 1372 ac
1386 1304 1455 1369 tue-

210 1419 275 1498 tur,
297 1414 423 1500 ejusque
443 1413 606 1480 securitati
628 1411 785 1497 prospicit.
809 1409 870 1477 llla
892 1411 974 1476 eninr
996 1411 1144 1478 instituta
1163 1405 1453 1476 adsenctificandos

211 1519 362 1598 homines,
384 1518 452 1604 ipsa
474 1518 590 1584 virtute
613 1519 646 1583 et
667 1516 786 1600 pietate
808 1515 979 1582 christiana
1002 1515 1097 1581 bonos
1128 1513 1224 1581 etiarn
1254 1511 1337 1580 ciras
1365 1509 1452 1590 facit,

214 1623 267 1708 qui
288 1623 316 1688 si
338 1621 419 1689 tales
430 1621 504 1700 sint,
527 1622 634 1706 quales
657 1639 723 1688 esse
745 1619 895 1704 praecipit
917 1619 1059 1686 doctrina
1081 1617 1247 1696 catholica,
1269 1615 1336 1682 sine
1362 1612 1455 1680 dubio

213 1746 329 1812 magna
362 1727 423 1794 erit
455 1727 539 1792 salus
573 1725 771 1810 reipublicae.
816 1725 982 1791 Praeterea
1016 1743 1087 1788 cum
1117 1723 1240 1790 terrena
1262 1720 1399 1804 potestas
1421 1718 1454 1782 in

107 1881 109 1890 .
215 1831 339 1896 terrena
372 1829 510 1895 utilitate
545 1831 577 1894 ot
609 1845 776 1913 poenarum
810 1830 897 1894 metu
929 1847 1026 1894 suam.
1051 1826 1312 1894 observandarum
1349 1823 1455 1906 legum

211 1933 402 2000 sanctionem
425 1933 559 2017 positam
581 1933 705 2014 lrabeat,
728 1952 802 2000 rara
823 1932 934 2017 religio
954 1931 1044 2015 cujus
1065 1931 1099 1996 et
1120 1931 1225 1994 custos
1249 1929 1282 1994 et
1300 1927 1452 2011 magistra

214 2039 263 2102 est
284 2035 424 2102 Ecclesia
446 2035 615 2116 catholica,
647 2037 866 2102 auctoritatem
894 2032 1115 2119 imperantium
1148 2033 1283 2098 validius
1317 2029 1457 2096 doctnna

216 2141 398 2228 legibusque
421 2138 535 2206 divinis
557 2139 730 2208 confirmat.
776 2139 933 2223 Praecipit
963 2138 1046 2204 eninr
1075 2137 1187 2222 religio
1218 2134 1373 2202 catholica
1400 2149 1456 2200 arra

212 2245 398 2312 auctoritate
421 2243 536 2323 divina,
559 2245 596 2308 ut
628 2241 769 2308 homines
802 2243 963 2327 legitimae
985 2241 1133 2326 potestati
1157 2237 1275 2304 subditi
1298 2237 1370 2314 sint,
1395 2255 1449 2302 non
1489 2253 1492 2260 ·

213 2347 313 2414 solnm
336 2348 461 2432 propter
482 2347 572 2425 iram,
595 2346 767 2412 sedetiam
790 2347 915 2430 propter
938 2344 1168 2412 conscientiam.
1575 2411 1576 2418 χ

179 2457 184 2466 ’
316 2450 432 2534 Quodsi
453 2450 593 2518 Ecclesia
615 2451 719 2517 monet
741 2468 778 2516 ac
795 2449 887 2535 jubet
909 2449 1049 2516 subditos
1072 2446 1240 2514 secuudum
1270 2443 1453 2510 mandatum
1575 2495 1576 2504 ἦ

213 2555 360 2622 dirinitua
383 2557 545 2640 acceptum
567 2553 692 2621 obedire
715 2554 851 2640 regibus,
869 2573 929 2620 non
958 2552 1061 2618 miuus
1091 2569 1181 2636 roges
1214 2567 1333 2634 quoquo
1367 2545 1455 2614 docet

214 2661 384 2746 prospicere
406 2661 538 2744 populis,
562 2661 597 2726 ut
618 2659 799 2746 iutetligant
820 2659 853 2725 et
875 2659 1068 2738 erudiantur,
1089 2657 1143 2740 qui
1162 2655 1307 2740 judicant
1329 2653 1454 2727 terram,

214 2784 275 2830 rron
298 2763 338 2830 ad
360 2763 540 2830 dominandi
564 2762 779 2847 cupiditatem,
803 2761 857 2830 sed
880 2762 920 2830 ad
942 2761 1079 2829 officium
1102 2757 1282 2844 providendi
1303 2757 1364 2823 sibi
1396 2755 1452 2822 da·

213 2869 280 2934 tam
303 2885 369 2934 esse
391 2886 411 2932 a
432 2865 564 2932 Domino
586 2867 773 2951 potestatem
797 2867 829 2932 et
852 2866 1001 2933 virtutem
1023 2866 1062 2930 ab
1085 2863 1455 2944 Altissimouttanquam

214 2969 351 3036 ministri
383 2969 472 3055 regni
506 2970 572 3053 ejus
605 2971 690 3036 recte
721 2969 863 3054 judicent
896 2970 928 3036 et
963 2969 1140 3035 custodiant
1177 2967 1281 3052 legem
1303 2964 1455 3050 justitiae,

216 3075 360 3160 quoniam
384 3072 532 3158 pusillum
555 3075 588 3138 et
609 3091 759 3158 magnum
782 3073 848 3156 ipse
871 3072 954 3153 fecit,
978 3075 1010 3138 ct
1032 3071 1206 3156 aequaliter
1228 3090 1302 3138 cura
1332 3071 1381 3136 est
1408 3066 1456 3133 illi

217 3179 256 3246 de
279 3177 431 3244 omnibus.

318 3281 459 3348 Ecclesia
486 3281 586 3366 igilur
608 3281 763 3348 catholica
784 3301 894 3368 regum
917 3283 961 3364 jer
990 3280 1172 3366 populorum
1203 3281 1297 3363 atque
1336 3279 1369 3342 in
1408 3273 1456 3340 his

214 3385 408 3470 singulorum
443 3385 526 3451 omni
560 3385 742 3452 conditionis
777 3386 936 3452 hominurn
969 3385 1118 3471 religione
1161 3383 1360 3450 divinatum
1385 3379 1458 3464 jura
1575 3457 1576 3468 χ

215 3490 323 3554 tuetur
353 3490 420 3554 tum
455 3487 558 3554 officia
591 3488 681 3555 docet
715 3507 751 3554 ac
780 3491 932 3573 praecipit
965 3491 1060 3572 atque
1090 3489 1137 3554 ita
1165 3487 1289 3574 legibus
1312 3483 1458 3553 humanis

73 3617 77 3624 ·
217 3593 355 3659 sanctius
387 3590 625 3658 fundamentum
662 3593 749 3676 ponit
788 3594 820 3659 et
856 3593 1027 3659 fideliorem
1061 3591 1207 3658 conciliat
1240 3589 1459 3658 obedientiam.

217 3697 319 3779 Quare
340 3713 412 3762 cum
432 3694 510 3762 haec
532 3695 644 3761 civitas
667 3695 725 3760 Dei
747 3697 872 3762 tantum
896 3697 1035 3763 conferat
1058 3695 1099 3762 ad
1120 3695 1321 3762 securitatem
1351 3695 1384 3760 et
1412 3691 1459 3758 fe·

215 3801 369 3866 licitatern
392 3798 531 3866 civitatis
553 3801 695 3865 terrenae
718 3801 767 3866 rel
790 3820 826 3866 ex
847 3801 906 3868 hoc
928 3819 987 3867 uno
1011 3799 1317 3886 omnesintelligant,
1340 3796 1460 3882 quanta

138 3903 140 3908 ’
217 3903 371 3989 sapientia
392 3921 429 3970 ao
450 3902 588 3968 bonitate
609 3901 694 3969 Deua
717 3905 825 3971 arcator
847 3908 978 3972 naturae
1001 3905 1034 3970 et
1055 3904 1176 3990 gratiae
1192 3905 1286 3988 atque
1297 3901 1461 3983 utriusque

218 4006 354 4074 civitatis
377 4006 535 4074 ordinator
556 4007 727 4090 potestates
743 4007 908 4074 sacerdotii
930 4009 963 4073 et
984 4007 1106 4092 imperii
1141 4025 1200 4074 non
1231 4008 1374 4074 inimices
1406 4001 1462 4070 aed

219 4110 342 4178 vinculo
364 4109 449 4195 pacis
472 4110 703 4196 conjungendas
726 4110 921 4196 disposuerit.
968 4112 1054 4177 Haeo
1077 4113 1182 4178 autem
1196 4111 1358 4196 utriusque
1379 4107 1461 4174 oiri·

218 4215 294 4282 tatis
318 4215 503 4300 conjunctio,
516 4234 551 4282 er
574 4234 636 4300 qua
657 4215 689 4280 in
711 4215 812 4300 ipsam
835 4215 958 4282 civilem
980 4214 1163 4282 societatem
1183 4216 1275 4282 tanta
1296 4215 1462 4298 bouapro-

218 4321 356 4399 manant,
380 4338 440 4384 nou
462 4318 579 4384 liberae
601 4317 761 4386 hominum
785 4319 902 4404 optioni
923 4319 1074 4402 permissa
1103 4319 1158 4386 sed
1187 4319 1247 4386 Dei
1274 4319 1343 4404 lege
1372 4335 1465 4400 prae-

221 4424 390 4507 cepta-est.
436 4422 587 4502 Quoniam
611 4422 692 4488 enirn
716 4423 901 4490 nouaclum
923 4422 1039 4507 singuli
1062 4422 1210 4507 privatim
1239 4422 1379 4488 homines
1407 4421 1467 4488 sed
1575 4475 1576 4480 ,

223 4528 318 4594 etiarn
341 4544 447 4594 ornnes
468 4525 501 4590 in
522 4525 588 4592 rita
608 4527 734 4609 publica
759 4526 886 4611 ipsaque
915 4527 1046 4594 societas
1078 4527 1118 4593 ad
1148 4546 1252 4592 raram
1281 4525 1467 4611 religionem

223 4649 297 4716 erga
319 4631 419 4698 Derrrn
444 4630 589 4694 tenuntur
619 4629 837 4714 religionisque
866 4629 989 4714 legibus
1018 4629 1270 4715 obstringuntur,
1297 4629 1369 4694 hinc
1396 4628 1469 4711 ipsa
1575 4711 1576 4714 Ἴ
