3202 4934
190 309 280 384 XOII
294 329 422 393 adema
439 335 536 388 const.
555 332 592 388 de
609 343 690 402 epcc.
707 329 793 402 pult.
812 331 926 388 Ecctcs.
937 331 1007 404 jar.
1025 333 1061 388 to
1079 331 1170 388 relat.
1189 332 1231 387 ud
1248 345 1308 388 coc
1328 333 1411 388 civil,

191 503 312 573 scholas
343 504 462 572 nullius
493 503 691 590 professionis
723 503 899 590 religiosae,
933 503 988 572 sed
1020 503 1193 572 litterarias
1214 501 1430 571 tantummodo

194 627 260 676 essa
296 608 407 676 detero
441 607 557 676 dicant.
614 606 729 674 Contra
761 607 941 693 hujusmodi
974 626 1068 674 sanae
1102 607 1260 675 doctrines
1296 625 1430 674 mourm-

190 733 251 800 que
271 712 463 798 corruptelas
484 731 520 778 er
543 711 609 796 ipso
631 712 692 776 line
712 710 869 777 Ecclesiae
896 729 915 777 a
938 709 1064 778 Christo
1093 713 1245 778 salvatore
1272 710 1429 792 fundatae,

191 817 228 884 ut
248 817 389 884 homiues
410 833 465 902 per
486 816 655 882 salutarem
677 814 771 881 ridcm
793 833 830 881 ac
852 815 1048 900 disciplinam
1070 815 1208 884 docendo
1236 815 1430 902 regendoque

191 921 232 988 ad
255 921 354 987 vitam
388 922 545 988 aeternam
579 917 729 999 adducat,
746 913 748 921 ’
764 919 803 986 ab
833 919 976 986 omnibus
1006 920 1235 1006 agnoscendum
1259 921 1307 987 est
1325 918 1377 1004 jus
1399 919 1431 984 et

192 1025 338 1107 officium,
362 1042 423 1110 quo
445 1023 514 1108 ipsa
534 1023 712 1110 pervigilat,
733 1025 769 1088 ut
796 1023 944 1108 juventus
974 1025 1130 1092 catholica
1157 1025 1190 1090 iu
1221 1024 1330 1109 primis
1358 1041 1432 1089 vera

163 1121 169 1129 ’
191 1129 253 1196 fide
276 1131 308 1196 et
329 1125 448 1194 sanctis
469 1127 605 1196 moribus
627 1128 688 1194 ritc
710 1127 904 1194 instituatur.
950 1129 1040 1194 Hanc
1061 1129 1260 1215 iniquitatem
1290 1127 1431 1194 cumula·

191 1235 267 1300 runt
289 1233 353 1298 alia
373 1233 581 1318 usurpatione.
627 1233 731 1316 Ipsam
755 1232 837 1297 enim
861 1230 1050 1298 clericorum
1082 1232 1295 1300 educationem
1322 1232 1355 1298 at
1382 1231 1431 1298 in·

191 1337 389 1406 stitutionem
411 1337 443 1402 in
465 1335 638 1420 disciplinis
659 1335 863 1402 ecclesiaticis
883 1336 952 1401 tum
977 1335 1009 1401 in
1044 1336 1115 1402 aliis
1147 1337 1280 1422 publicis
1319 1334 1432 1402 scholis

191 1441 261 1507 turn
282 1442 316 1506 iu
347 1441 424 1525 ipsis
453 1439 629 1508 seminariis
662 1439 782 1506 efficaci
816 1439 977 1506 directioni
1011 1459 1048 1506 ac
1069 1439 1254 1527 vigilantiae
1275 1438 1432 1506 Ecclesiae

191 1543 360 1612 subducere
392 1544 426 1611 et
457 1543 606 1630 potestati
638 1543 736 1610 laicae
767 1543 943 1629 mancipare
974 1547 1187 1629 praesumunt,
1232 1546 1340 1610 contra
1379 1544 1432 1628 jus

191 1649 348 1734 propriam
378 1647 544 1729 Ecclesiae,
568 1665 628 1731 quo
651 1645 783 1713 mammc
816 1646 849 1712 in
885 1647 949 1712 suis
980 1647 1133 1714 ministris
1162 1648 1293 1714 sanitati
1322 1649 1432 1714 catho-

190 1749 273 1818 licae'
290 1751 450 1818 catinae
472 1753 504 1817 et
526 1749 690 1817 sanctitati
713 1750 796 1817 vitea
819 1750 1329 1835 ecclesiasticacprorideredebct.
1352 1751 1433 1833 Quin

192 1856 288 1924 etiam
309 1873 361 1923 eos
382 1855 465 1940 ipsos
487 1855 540 1940 qui
562 1855 595 1920 in
617 1855 732 1921 sortem
755 1851 813 1920 Dei
835 1855 994 1934 vocantur,
1018 1873 1036 1920 o
1059 1857 1168 1921 saneta
1190 1873 1245 1921 sua
1275 1854 1435 1921 vocatione

97 2011 102 2018 .
190 1978 246 2044 per
267 1959 331 2026 rim
347 1959 479 2026 avellere
498 1957 734 2044 etiuiquissima
756 1959 827 2044 legs
849 1957 1001 2042 subjicere
1033 1958 1167 2025 militiae
1199 1958 1353 2025 saeculari
1374 1959 1436 2024 ali·

191 2063 263 2131 cubi
297 2063 389 2130 veriti
421 2082 482 2130 uon
512 2064 598 2142 sunt,
629 2064 725 2146 atque
753 2061 816 2143 ita,
849 2064 999 2147 quantum
1028 2062 1061 2128 in
1082 2061 1158 2146 ipsis
1181 2064 1237 2144 est,
1261 2063 1436 2130 Ecclesiam

191 2167 372 2234 necessariis
393 2167 433 2234 ad
456 2167 640 2246 docendum,
662 2165 833 2252 regendum
855 2168 888 2232 et
915 2166 1171 2234 sanctificandum
1201 2169 1348 2252 populum
1375 2167 1436 2234 Dei
1579 2193 1580 2196 ¹

190 2271 343 2338 ministris
376 2271 498 2355 privare
533 2272 692 2340 conantur.
750 2270 851 2353 Quare
884 2270 1078 2337 declaramus
1117 2273 1149 2340 ct
1191 2273 1335 2340 docemus
1364 2271 1437 2356 jara

191 2375 352 2462 praedicta
384 2376 479 2460 atque
508 2373 611 2441 officia
642 2374 682 2440 ad
715 2374 887 2440 Ecclesiam
919 2375 1073 2458 pertinere
1107 2377 1139 2442 et
1174 2393 1241 2442 csse
1274 2395 1344 2442 cum
1368 2375 1436 2459 ejus

192 2479 373 2566 magisterio
396 2479 712 2558 divinitusinstituto,
737 2496 806 2543 cum
829 2477 926 2562 ipsius
943 2478 1162 2547 constitutione
1184 2499 1221 2546 ac
1242 2477 1303 2546 fine
1325 2479 1436 2546 intime

192 2583 366 2668 conjuncta,
389 2582 526 2668 adeoque
547 2582 691 2648 humanis
713 2581 836 2666 legibus
858 2600 918 2648 non
941 2599 1030 2666 posse
1052 2583 1176 2650 auferri.

299 2703 373 2769 lilia
395 2703 499 2788 grauis
522 2701 637 2786 injuria
658 2701 785 2768 sanctas
808 2701 967 2768 Ecclesiae
988 2701 1118 2768 infertur
1140 2702 1179 2770 ab
1202 2703 1276 2786 illis,
1300 2703 1435 2790 quipro-

192 2806 357 2873 fesaiouem
379 2804 576 2890 perfectionis
589 2806 784 2889 evangelicoe
807 2807 840 2870 in
864 2805 1033 2872 Ordinibus
1050 2805 1269 2894 Institutisquc
1280 2808 1434 2896 religiosis

193 2911 233 2977 ab
267 2909 375 2976 eadem
408 2907 548 2976 Ecclesia
584 2909 761 2992 approbatis
794 2909 901 2993 iniqua
935 2910 1164 2995 oppugnatione
1196 2915 1433 3000 persequuntur,

193 3016 287 3098 atque
320 3011 475 3079 affirmare
514 3010 645 3092 audent,
687 3011 907 3096 professionem
942 3013 1120 3098 religiosam
1150 3015 1272 3100 juribus
1305 3019 1434 3083 naturae

193 3115 411 3200 libertatisque
433 3115 587 3182 humanae
610 3115 807 3196 contrariam,
831 3116 881 3182 vel
903 3133 939 3180 er
962 3117 1066 3202 reguis
1089 3118 1120 3183 et
1143 3119 1324 3186 civitatibus
1340 3137 1435 3186 norae

193 3221 308 3288 aetatis
329 3219 549 3287 eliminandam
571 3237 646 3300 esse,
669 3218 751 3304 quod
774 3218 829 3285 illa
852 3219 1003 3304 profectui
1025 3239 1061 3286 ac
1083 3220 1229 3289 felicitati
1252 3223 1434 3311 populorum

193 3329 376 3411 opponatur,
410 3343 505 3409 eoque
538 3323 639 3408 magis
670 3322 844 3406 dolendum,
880 3324 961 3406 quod
989 3325 1071 3391 inter
1092 3326 1174 3410 ipsos
1194 3327 1300 3413 legum
1322 3328 1437 3394 latores

193 3429 248 3514 qui
277 3448 310 3495 se
332 3428 500 3496 catholicos
522 3429 716 3514 profitentur,
739 3447 799 3494 non
822 3427 935 3509 desint,
965 3429 1019 3514 qui
1051 3430 1084 3495 in
1116 3431 1176 3498 hac
1209 3451 1242 3498 re
1278 3433 1435 3498 Ecclesiae

190 3535 243 3622 jus
266 3531 499 3600 conculcars'ei
521 3533 636 3619 iniquis
656 3533 789 3618 legibus,
817 3532 968 3618 quantum
999 3531 1121 3617 valent,
1153 3535 1277 3602 irritum
1307 3535 1436 3603 reddere
1579 3613 1580 3618 ,

193 3657 254 3705 non
276 3638 453 3705 vereantur.

299 3759 406 3844 (Eolgt
428 3759 495 3826 eine
518 3758 732 3844 Begrsrndung
753 3757 807 3824 der
830 3758 997 3844 religioseu
1020 3759 1145 3846 Oudon.)

301 3898 392 3984 (Pag.
417 3897 483 3984 38.)
530 3897 597 3979 Qua
620 3917 653 3964 ro
674 3899 743 3965 tum
766 3897 843 3966 hacc
866 3897 1024 3965 Ecclesiae
1046 3899 1080 3966 et
1101 3898 1242 3966 fidelium
1266 3901 1340 3985 jura
1367 3901 1438 3966 tum

194 4003 341 4085 suscepta
361 4001 443 4066 votis
464 4001 618 4088 religiosis
640 4001 742 4068 officia
758 4001 793 4068 in
816 4001 1046 4086 supernaturali
1067 4003 1127 4069 Dei
1148 4004 1218 4088 lage
1246 4021 1284 4069 ac
1313 4002 1439 4072 ordina-
1579 4021 1580 4044 ³

193 4103 279 4170 tione
302 4104 482 4188 fundantur,
505 4125 567 4191 qua
590 4103 733 4172 christus
762 4105 915 4190 sapientia
944 4106 1072 4171 aeterna
1100 4104 1132 4169 iu
1161 4107 1270 4172 sancta
1299 4107 1439 4174 Ecclesia
1579 4089 1580 4134 1

194 4227 252 4276 sua
275 4209 358 4276 riam
380 4208 578 4294 perfectionis
599 4209 799 4296 evangelicae
821 4209 1010 4275 monstravit
1032 4210 1064 4275 et
1094 4208 1263 4293 disposuit,
1294 4229 1351 4278 nec
1379 4211 1439 4278 illa

194 4313 332 4398 politicis
354 4315 477 4400 legibus
499 4315 563 4380 sire
586 4313 681 4400 dirigi
703 4315 767 4380 sire
789 4313 887 4380 deleri
908 4314 1045 4398 possum

296 4455 490 4520 Damnamua
512 4452 611 4538 igitur
630 4453 699 4520 tum
720 4451 903 4532 doctrinam,
926 4469 987 4536 qna
1016 4451 1164 4535 professio
1193 4453 1340 4540 religiosa
1367 4451 1437 4519 illi-

202 4559 266 4625 cita
286 4558 337 4627 rel
365 4577 439 4626 vero
472 4557 624 4642 profectui
657 4556 839 4641 populorum
872 4555 962 4622 noxie
995 4573 1033 4623 ec
1065 4558 1227 4642 propterea
1248 4557 1441 4626 eliminanda
1579 4553 1580 4572 *

48 4699 63 4728 ι
198 4679 264 4732 esse
297 4663 431 4746 dicitur,
466 4662 536 4730 tum
588 4659 699 4744 impios
741 4659 902 4727 hominum
936 4661 1076 4741 conatus,
1109 4661 1162 4746 qui
1195 4662 1441 4731 commemorato
