3186 4942
219 245 290 314 LIV
394 263 482 320 (lonc
507 263 604 320 Vattc.
624 260 701 320 Scor.
719 263 789 318 itt:
810 262 911 320 Consi.
930 264 1030 334 dopna.
1049 261 1072 317 1.
1091 261 1128 316 de
1147 259 1282 316 ecclesio.

164 429 171 449 ⁴
215 438 381 531 mentum«
404 436 463 520 qui
488 437 662 502 ailomino
690 437 796 502 nostro
816 438 893 505 Jesu
916 436 1008 504 Chris
1134 435 1292 502 salvatore
1325 431 1454 498 humani

212 541 334 626 generis
357 536 393 607 a'c
406 541 622 625 Redemptum
644 541 746 607 claves
769 542 858 626 regni
880 541 1017 626 accepit,
1047 541 1086 606 ad
1114 540 1172 605 hoc
1202 557 1299 622 usquc
1329 539 1452 621 tempus

213 647 245 714 et
267 665 387 731 semper
416 647 449 712 iu
479 647 544 712 suis
573 646 814 725 comessoribus,
844 646 993 754 episcopis
1023 647 1151 712 sanctae
1172 645 1330 710 Romanae
1352 642 1451 722 Sedis,

213 753 252 818 ab
276 753 343 837 ipso
364 751 523 829 fundatae,
546 751 672 835 ejusque
695 751 890 816 consecratae
913 751 1073 835 sanguine,
1097 750 1175 816 vivit
1198 750 1231 814 et
1252 747 1454 830 praesidetet

212 856 366 942 judicium
388 855 509 921 exercet
530 854 590 936 (Cf.
615 854 762 938 Ephesini
786 854 916 921 Consilii
938 854 1010 920 Act.
1035 854 1093 920 1112
1114 849 1454 935 ct-Sa-Petsi-Chry·

208 957 781 1044 coaffluant-probat).
826 958 915 1024 Unde
949 957 1134 1042 quicumque
1162 956 1194 1023 in
1215 955 1276 1022 hac
1298 953 1454 1022 Cathedra

213 1064 308 1130 Petro
330 1062 479 1140 succedit,
503 1063 530 1128 is
567 1063 736 1130 secundum
759 1062 876 1128 Christi
901 1063 999 1147 ipsius
1029 1062 1256 1128 institutionem
1284 1058 1454 1144 primatum

220 1168 308 1235 Petn'
329 1167 363 1233 in
384 1167 559 1232 universam
583 1167 755 1233 Ecclesiam
777 1167 907 1233 obtinet.
951 1167 1059 1234 Manet
1078 1185 1155 1251 crgo
1183 1163 1344 1248 montio
1373 1161 1455 1228 veri-

214 1273 306 1354 tatis,
342 1271 374 1336 et
405 1271 517 1338 heatus
539 1271 653 1337 Petrus
687 1272 718 1337 in
752 1272 880 1356 accepta
913 1270 1098 1338 fortitudine
1128 1270 1234 1354 petrae
1256 1284 1455 1352 perseverans

216 1378 361 1460 suscepta
382 1375 540 1445 Ecclesiae
569 1375 779 1460 gubernacula
803 1395 863 1442 non
891 1375 1019 1460 reliquit
1048 1373 1091 1458 (S.
1120 1374 1180 1440 nco
1207 1373 1251 1440 Μ.
1274 1371 1372 1440 Sarni.
1395 1370 1453 1437 111.

216 1482 272 1565 [al.
296 1480 352 1564 H.]
388 1499 453 1563 cap.
476 1480 541 1565 ·3.).
586 1480 654 1545 Hac
686 1480 724 1546 de
759 1499 852 1547 causa
882 1481 921 1546 ad
943 1481 1041 1546 Roma
1136 1477 1309 1572 Ecclesiam
1331 1477 1455 1560 propter

215 1584 421 1670 potentiorem
454 1583 717 1666 principalitatem
751 1603 875 1650 necesse
908 1602 1027 1668 semper
1042 1499 1131 1648 a&
1150 1601 1271 1648 omnem
1293 1581 1455 1646 convenire

216 1688 397 1765 Ecclesiam,
421 1686 479 1753 hoc
502 1691 560 1765 est,
583 1705 645 1765 eos,
667 1686 721 1771 qui
743 1689 817 1759 sunt
842 1687 977 1770 undique
1000 1686 1117 1764 fideles,
1141 1687 1178 1750 ut
1200 1684 1232 1750 in
1254 1701 1292 1749 ea
1320 1682 1409 1762 Sede,
1436 1703 1454 1748 c

213 1811 276 1877 qua
287 1791 478 1858 venerandae
500 1791 721 1858 communionis
740 1793 812 1876 jura
826 1793 859 1858 in
870 1811 975 1888 omnes
987 1791 1159 1867 dimanant,
1174 1791 1336 1872 tamquam
1355 1807 1454 1854 menr-

213 1896 270 1962 hra
290 1896 321 1962 in
345 1896 446 1980 capite
469 1896 654 1975 consociata,
677 1896 709 1962 in
739 1903 836 1966 uuam
866 1896 1001 1978 corporis
1031 1913 1218 1978 compagem
1244 1892 1455 1966 coalescerent

215 1999 260 2085 (S.
283 2001 362 2066 Iron.
384 1999 463 2066 hdr.
493 1999 578 2066 haer.
606 2001 626 2066 l.
657 2000 713 2066 IlI.
744 2019 771 2068 o.
798 2003 828 2066 3.
859 2002 891 2066 et
919 2000 1020 2084 reptet
1051 1999 1142 2066 Cone.
1167 1997 1355 2082 Aquileia.
1379 1997 1453 2064 381.

222 2110 638 2264 masna·
686 2160 700 2164 a
763 2110 869 2161 ἐς·
937 2112 1020 2162 ε-.·;
1384 2092 1459 2164 uter

322 2308 355 2376 Si
378 2309 447 2396 quis
470 2329 543 2395 ergo
566 2310 688 2388 dixerit,
711 2331 773 2378 non
795 2329 861 2378 esse
882 2330 918 2377 ex
939 2311 1036 2396 ipsius
1059 2311 1176 2378 Christi
1207 2302 1333 2378 Domini
1363 2307 1450 2374 insti·

218 2414 338 2480 tutione
360 2432 416 2479 seu
434 2413 504 2498 jore
527 2413 641 2492 divim,
663 2418 701 2480 nt
721 2415 831 2480 heatus
854 2415 967 2480 Petrus
989 2415 1022 2480 in
1045 2415 1182 2498 primatu
1209 2433 1300 2499 snper
1327 2413 1450 2482 unirer-

219 2538 286 2585 sam
308 2518 480 2584 Ecclesiam
503 2519 618 2586 habeat
639 2520 803 2603 perpetuos
826 2537 1030 2598 successorem
1054 2521 1110 2585 ant
1141 2521 1314 2586 Muranum
1339 2519 1454 2587 -Ponti-

215 2623 304 2690 ficem
338 2641 398 2688 non
431 2641 497 2690 esse
529 2621 615 2689 beati
636 2623 724 2690 Petri
756 2623 790 2689 in
822 2621 929 2690 eodem
962 2621 1098 2706 primatu
1132 2640 1356 2699 successorem
1379 2640 1456 2688 ana-

219 2727 327 2799 thema
348 2729 400 2795 sit.

307 3001 410 3084 Caput
430 3000 501 3067 III.
522 3001 572 3068 De
593 3003 625 3070 oi
646 3002 816 3070 strattone
837 3002 1000 3088 Primotue
1021 3003 1163 3072 Rauraci
1184 3002 1359 3087 Pontificio.

321 3244 514 3328 Quapropter
544 3245 659 3329 apertis
691 3245 788 3312 innixi
823 3249 980 3320 scortum
1010 3245 1190 3312 litterarum
1213 3247 1401 3314 testimoniis
1423 3249 1456 3313 et

216 3349 412 3415 inhaerentes
434 3357 503 3414 turn
526 3349 799 3416 Praedecessorum
821 3351 1005 3416 Nostrorum
1028 3351 1238 3417 Romanorum
1254 3351 1454 3438 Pontificum,

217 3456 284 3520 tum
308 3453 513 3520 Conciliorum
546 3455 741 3540 generalium
775 3455 917 3542 disertis,
940 3455 1169 3540 perspicuisque
1192 3457 1342 3538 decretis,
1366 3457 1455 3525 iano-

216 3577 324 3624 vamus
346 3559 534 3626 oecumenici
557 3558 686 3626 Consilii
716 3559 887 3626 Florentini
920 3559 1147 3640 definitionem,
1178 3579 1239 3645 qua
1267 3559 1454 3626 credendum

216 3662 255 3728 ab
278 3661 420 3728 omnibns
443 3663 560 3729 Christi
593 3663 736 3729 fidelibus
771 3665 835 3745 est,
870 3664 1010 3729 sanctam
1038 3665 1249 3749 Apostolicam
1272 3663 1401 3742 Sedern,
1423 3667 1456 3730 et

215 3767 388 3832 Romanurn
411 3765 594 3832 Pontificem
616 3769 649 3832 iu
672 3767 848 3833 universum
871 3769 976 3834 orbem
988 3771 1093 3836 tenere
1105 3768 1285 3853 primatum,
1309 3769 1454 3851 etipsum

215 3870 397 3936 Pontificem
420 3870 594 3936 Romanum
617 3889 821 3938 successorem
848 3891 913 3938 csse
935 3873 1018 3938 beati
1041 3873 1129 3939 Petri
1152 3872 1298 3957 principis
1321 3872 1455 3956 Aposto-

213 3975 324 4048 lorum,
357 3975 389 4039 et
422 3992 529 4040 verum
564 3975 681 4043 Christi
714 3977 893 4057 Vicariurn,
927 3978 1087 4062 totiusque
1105 3977 1262 4044 Ecclesiae
1292 3978 1399 4061 caput,
1422 3979 1455 4042 et

214 4079 354 4144 omnium
377 4077 624 4146 Christianorum
646 4082 766 4164 patrem
788 4099 824 4146 ac
844 4079 1002 4148 doctorem
1024 4080 1170 4159 cristam
1193 4083 1225 4146 et
1246 4082 1305 4166 ipsi
1318 4081 1453 4148 iubeato

213 4183 308 4248 Petro
337 4183 497 4265 pascendi,
520 4185 657 4269 regendi,
691 4203 728 4250 ac
762 4185 955 4270 gubernandi
989 4183 1193 4250 universalem
1228 4185 1400 4252 Ecclesiam
1434 4203 1453 4252 a

213 4289 345 4354 Domino
367 4287 473 4353 nostro
497 4288 573 4354 Jesu
597 4287 721 4356 Christo
743 4290 867 4372 plenam
888 4289 1076 4372 potestatem
1099 4289 1249 4355 traditam
1265 4309 1352 4368 csse;
1376 4309 1453 4373 quc-

213 4389 412 4456 madmodum
435 4393 529 4458 etiarn
552 4395 584 4458 in
606 4395 704 4479 gestis
726 4394 992 4462 oecumenicorum
1016 4393 1221 4463 Conciliorum
1243 4395 1329 4462 etin
1357 4395 1453 4462 saorla

212 4495 380 4564 canonibus
404 4497 589 4568 continetur.
