3186 4942
175 202 221 273 VI
402 219 519 280 vendi.
544 219 690 281 Veneram·
708 237 779 281 reae.
797 222 861 282 111:
898 222 944 282 De
961 222 1021 295 flua
1040 221 1202 281 catholico.

176 414 280 464 omnes
302 393 443 462 homines
465 395 566 462 salvos
588 393 665 475 lieri,
690 396 722 460 et
744 395 783 461 ad
799 396 988 481 agnitionem
1004 396 1145 478 veritatis
1160 395 1281 474 venire3
1305 415 1414 482 quem-

176 500 344 568 admodum
367 497 508 566 christus
530 499 625 578 venit,
648 500 684 564 ut
707 501 828 568 salvum
850 501 983 580 faceret,
1006 501 1087 586 quod
1108 500 1258 584 perierat,
1282 503 1315 567 et
1337 501 1417 568 filios

177 603 247 684 Dei,
269 605 323 688 qni
345 603 433 669 erant
455 603 602 688 dispersi,
632 607 836 690 congregaret
858 604 891 669 in
913 625 1030 689 unum:
1062 604 1107 671 ita
1129 606 1288 686 Ecclesia,
1311 626 1330 672 e
1351 607 1417 671 Deo

176 709 358 795 populorum
380 709 481 774 mator
502 708 534 774 et
556 707 708 794 magistra
730 709 909 788 constituta,
933 708 1076 774 omnibus
1098 709 1280 778 debitricem
1302 729 1335 775 se
1359 729 1416 775 no-

178 812 234 894 rit,
258 830 294 876 ac
316 810 418 894 lapsos
441 811 570 897 erigere,
592 811 734 878 labantes
757 791 927 896 sustinere,
949 814 1139 880 revertentes
1161 813 1323 898 amplecti,
1347 832 1420 880 con·

178 917 302 984 firmm
324 914 419 980 bonos
442 916 474 982 et
494 915 535 980 ad
553 915 682 982 meliora
700 916 864 999 provehere
886 917 996 1002 parata
1019 936 1139 1001 semper
1161 918 1192 982 et
1215 919 1338 984 intenta
1360 920 1417 984 est.

117 1099 122 1110 ⁸
179 1019 372 1105 Quapropter
393 1019 478 1086 nullo
501 1021 639 1102 tempore
660 1020 749 1086 aDei
763 1021 902 1100 veritate,
925 1041 1003 1105 quae
1025 1022 1115 1088 sanat
1137 1020 1252 1102 omnia,
1275 1021 1420 1089 testanda

178 1127 212 1190 et
233 1122 440 1208 praedicanda
461 1123 616 1208 quiescere
636 1125 750 1208 potest,
774 1125 833 1192 sibi
858 1125 975 1192 dictum
998 1145 1064 1192 ease
1087 1144 1146 1192 non
1161 1127 1323 1211 ignorans:
1347 1125 1418 1210 Spi-

177 1228 259 1296 ritus
280 1245 389 1305 meus,
419 1225 473 1311 qui
495 1227 543 1292 est
564 1227 597 1292 in
618 1228 671 1308 te,
707 1230 739 1294 et
761 1229 855 1296 verba
877 1248 966 1310 mea,
1001 1248 1079 1313 quae
1100 1230 1188 1313 posui
1218 1229 1251 1294 in
1280 1249 1331 1294 ore
1353 1231 1419 1308 tuo,

176 1350 240 1398 non
271 1330 417 1398 recedent
449 1329 487 1396 de
521 1349 572 1397 ore
601 1333 655 1398 tuo
689 1331 799 1400 amodo
839 1335 872 1399 ot
908 1351 1007 1417 nsque
1039 1333 1071 1398 in
1105 1333 1326 1417 sempiternum
1364 1333 1418 1419 (le.

180 1434 274 1520 LIX,
297 1435 374 1520 21).

280 1852 346 1920 Nos
366 1853 492 1938 itaque,
530 1851 726 1920 inhaerentes
755 1851 1030 1920 Praetecessornm
1051 1851 1237 1920 Nostrorum
1268 1852 1419 1936 vestigiis,

178 1975 234 2044 pro
256 1976 397 2042 supremo
421 1957 535 2024 Nostro
557 1956 735 2042 Apostolico
769 1975 896 2022 munere
918 1955 1083 2022 remotam
1106 1955 1290 2022 catholicam
1314 1956 1421 2022 docere

180 2080 217 2135 ac
235 2061 347 2141 tueri,
379 2079 600 2146 perversasque
629 2061 786 2128 doctrinas
814 2061 979 2146 reprobare
1006 2081 1164 2144 nunquam
1186 2061 1419 2128 intermisimus.

179 2167 272 2242 Nunc
302 2166 409 2236 autem
441 2165 620 2233 sedentibus
652 2163 823 2231 Nobiscum
855 2167 888 2230 et
917 2164 1134 2249 judicantibus
1172 2165 1306 2232 universi
1340 2165 1422 2231 orbis

180 2268 349 2360 Episcopie,
372 2268 404 2334 in
427 2269 508 2336 hanc
531 2267 759 2338 oecumenicam
781 2255 940 2353 synodum
962 2267 1148 2336 aucmmtate
1160 2269 1276 2338 Nostra
1299 2269 1331 2333 in
1353 2267 1423 2354 Spi-

181 2372 246 2442 ritu
268 2372 382 2447 Sancto
405 2371 622 2459 congregatis,
656 2373 753 2440 innixi
774 2373 833 2440 Dei
855 2373 948 2439 verbo
970 2373 1085 2456 scripto
1107 2375 1140 2439 et
1162 2372 1298 2454 tradito,
1332 2372 1423 2456 prout

180 2477 219 2550 ab
270 2477 410 2546 Ecclesia
459 2471 613 2544 catholico
657 2477 764 2544 sancte
813 2478 1003 2545 custoditum
1056 2479 1088 2548 et
1132 2477 1265 2565 genuine
1308 2476 1422 2560 exposi-

180 2583 249 2648 tum
272 2580 467 2664 accepimus,
502 2600 538 2649 ex
560 2580 619 2648 hac
640 2579 728 2646 Petri
753 2580 911 2648 (lathedra
931 2582 965 2648 in
988 2584 1154 2668 conspectu
1177 2583 1313 2648 omnium
1337 2581 1423 2646 salu·

180 2684 282 2758 tarem
305 2683 423 2766 Christi
446 2685 619 2757 doctrinam
643 2685 784 2770 profiteri
814 2687 847 2752 et
875 2686 1034 2754 declarare
1057 2686 1286 2763 constituimus,
1309 2685 1422 2750 adver-

182 2785 225 2866 sis
255 2787 409 2871 erroribus
438 2789 595 2874 potestate
623 2788 712 2856 nobis
739 2790 844 2857 eDeo
874 2789 991 2860 tradita
1012 2789 1192 2875 proscriptis
1220 2791 1315 2874 atque
1338 2789 1425 2856 clam·

184 2889 278 2961 uatis.

398 3295 502 3380 capra
522 3295 552 3362 1.
597 3293 647 3361 De
670 3293 738 3361 Deo
760 3314 867 3360 raram
889 3293 1029 3386 ornatam
1051 3290 1209 3358 Oreotora.

229 3405 268 3490 <b
285 3415 400 3489 Sancta
423 3415 585 3483 Catholica
606 3415 783 3500 Apostolica
806 3415 945 3482 Romana
967 3413 1107 3485 lloclesia
1137 3413 1236 3480 credit
1266 3413 1298 3478 et
1328 3408 1424 3476 confi-

33 3543 37 3552 ·
183 3512 289 3600 tetur,
323 3539 419 3588 unum
441 3541 508 3588 esse
529 3522 631 3588 Deum
654 3541 760 3590 verram
784 3523 816 3588 et
837 3522 962 3602 vivum,
998 3520 1177 3591 Creatorem
1201 3537 1236 3584 ac
1259 3516 1425 3582 Dominum

182 3625 260 3692 coeli
282 3625 315 3692 et
335 3626 448 3705 terrae,
471 3625 722 3709 omnipotentem,
746 3626 917 3702 aeternum,
942 3625 1138 3703 immensum,
1160 3615 1425 3703 incomprehensi-

181 3729 298 3811 bilem,
333 3728 497 3798 intellcctu
525 3749 562 3796 ac
591 3729 752 3796 voluntate
782 3729 927 3813 omnique
949 3728 1138 3813 perfectione
1153 3723 1337 3802 inlinitum
1372 3719 1425 3804 qui

182 3851 254 3903 cum
271 3832 319 3900 'sit
339 3853 403 3908 una
422 3832 600 3918 singularis,
623 3832 760 3920 simplex,
776 3833 897 3903 omnino
920 3835 953 3900 ot
966 3824 1425 3904 incommutabilissubetantia

180 3935 364 4022 spititualis,
386 3936 611 4021 praedicandus
626 3940 674 4004 est
695 3958 729 4005 re
753 3939 784 4004 et
807 3939 982 4006 socerina
1003 3936 1117 4006 mundo
1140 3931 1315 4011 distinctus,
1340 3930 1372 3996 in
1392 3947 1425 3994 se

181 4041 215 4108 et
236 4059 272 4107 en
294 4059 327 4107 se
349 4040 569 4124 beatissimus,
601 4043 633 4109 et
654 4061 746 4126 super
767 4043 891 4122 omnia,
922 4060 1003 4126 qnae
1025 4039 1149 4124 praeter
1172 4038 1274 4120 ipsum
1296 4035 1371 4102 sunt
1393 4034 1425 4099 et

183 4145 303 4232 concipi
324 4147 464 4232 possunt,
486 4146 687 4216 ineffabiliter
710 4147 855 4216 excelsus.

285 4356 346 4424 Hic
368 4359 450 4425 solos
473 4378 563 4426 verne
584 4358 669 4426 Deus
700 4356 839 4424 bonitate
867 4372 924 4418 sua
947 4353 979 4418 et
1001 4349 1204 4436 omnipotenti
1226 4348 1343 4415 virtute
1366 4364 1426 4412 non

181 4457 221 4524 ad
243 4463 420 4546 aagendam
441 4482 531 4531 suam
552 4461 791 4542 beatitudinem,
814 4477 872 4526 nec
894 4457 933 4524 ad
956 4455 1192 4540 acquirendam,
1218 4451 1273 4517 sed
1295 4450 1335 4516 ad
1358 4467 1426 4516 ma-

179 4559 388 4640 nilestandem
409 4566 630 4659 perlectionem
653 4585 743 4644 suam
765 4583 820 4648 per
837 4563 943 4642 bona,
963 4579 1043 4648 quae
1066 4555 1215 4628 creaturis
1237 4553 1425 4641 impertitur,
