3186 4942
203 267 263 345 XX
430 295 545 353 cocae.
569 285 716 352 Vaticani
733 310 806 352 sees.
824 285 889 352 lli:
926 291 973 353 Dc
990 287 1050 365 tide
1068 291 1231 353 catholica.

202 468 314 537 dienda
335 470 368 536 et
390 467 598 536 infallibiliter
619 466 813 537 declaranda.
838 468 919 536 Hinc
939 485 1095 536 sacrorum
1117 487 1237 555 quoque
1259 468 1441 556 dogmatum

202 575 228 639 ie
257 591 364 640 seusus
389 573 541 658 perpetuo
568 573 617 639 est
644 573 847 656 retinendus,
882 592 974 657 quem
1002 576 1099 641 semel
1125 573 1297 642 declaravit
1326 572 1441 641 Sancta

200 677 303 744 Mater
323 677 474 759 Ecclesia,
496 695 552 744 nec
574 697 712 770 unquam
733 679 772 744 ab
794 695 829 744 eo
851 695 951 760 sensu,
977 679 1097 746 altioris
1120 679 1348 766 intelligentiae
1370 697 1440 763 spe·

201 782 246 848 cic
270 784 302 849 et
323 782 456 862 nomine,
479 781 694 848 recedendum.
741 780 868 848 Crescat
888 783 989 868 igitur
1016 785 1049 850 et
1070 783 1206 850 multum
1228 785 1441 851 vehementer·

147 881 151 892 '
199 905 259 970 que
281 887 443 970 proficiat,
465 890 533 955 tam
555 888 767 974 singulorum,
790 887 1064 972 mancunium,
1095 890 1161 954 tam
1183 889 1275 954 unius
1298 888 1441 968 hominis,

200 1009 293 1073 quem
315 991 412 1058 totins
437 992 612 1072 llcclesiae,
635 993 774 1059 neutum
798 1010 835 1058 ac
858 993 1051 1064 maculemm
1074 993 1240 1078 gradibus,
1262 992 1441 1078 intelligen-

200 1094 259 1172 tia,
281 1094 420 1176 scientia,
443 1095 612 1179 sapientiae
646 1095 755 1162 sedin
777 1115 832 1162 suo
856 1095 1018 1162 dumtaxat
1040 1115 1173 1182 genere,
1197 1099 1229 1162 in
1251 1096 1359 1163 eodem
1382 1096 1442 1162 sci·

200 1197 275 1264 licet
297 1196 450 1284 dogmate,
475 1199 581 1267 eodem
604 1217 704 1280 serrsu,
729 1201 896 1285 eademque
919 1201 1074 1267 sententia
1089 1201 1188 1286 (Vino.
1205 1200 1267 1266 Lir.
1281 1201 1439 1268 Common.
1574 1229 1575 1232 ¹

201 1321 230 1368 n.
255 1273 332 1386 aab.

597 1685 604 1692 ’
686 1699 751 1766 O'A
762 1701 793 1766 N
805 1701 831 1768 0
843 1701 872 1769 N
884 1702 910 1766 u
923 1699 955 1768 S.

473 1823 503 1890 Ι.
548 1821 599 1890 De
621 1821 690 1890 Deo
711 1845 817 1892 rerum
840 1826 978 1893 omnem
999 1823 1156 1895 Creatore.

307 1964 338 2046 1)
361 1961 486 2046 Siquis
508 1982 604 2030 unum
626 1982 733 2031 vemm
755 1964 856 2030 Deum
878 1963 1049 2031 visibilium
1071 1965 1104 2030 et
1125 1962 1328 2030 invisibilium
1346 1960 1437 2028 Orea-
1574 1965 1575 2010 ἓ

201 2068 300 2134 torem
324 2069 357 2133 et
378 2067 547 2135 Dominum
569 2069 747 2154 negaverit3
771 2070 937 2136 anathema
958 2070 1010 2137 sit.
1322 2065 1324 2070 ’

304 2275 338 2359 2)
361 2273 396 2342 Si
417 2275 486 2359 quis
507 2277 630 2361 praeter
651 2277 815 2344 materiam
838 2276 917 2342 nihil
933 2295 999 2343 esse
1019 2275 1174 2344 affirmare
1190 2295 1250 2342 non
1267 2275 1437 2353 erubuerit3
1574 2335 1575 2352 ,

201 2379 369 2448 anathema
389 2381 441 2446 sit.
1574 2377 1575 2380 ’

302 2485 337 2572 3)
359 2483 474 2569 Siquis
487 2483 606 2567 dixerit,
629 2503 721 2552 unam
744 2483 933 2569 eandemque
956 2503 1023 2552 esse
1045 2485 1104 2551 Dei
1127 2484 1158 2551 et
1180 2502 1284 2551 rerum
1304 2483 1440 2552 omnium
1574 2511 1575 2540 1

201 2588 408 2656 substantiam
430 2588 479 2655 vel
502 2588 684 2667 essentiam
708 2587 875 2655 anathema
897 2589 947 2656 sit.
1574 2591 1575 2604 ¹

302 2695 336 2778 4)
359 2694 392 2762 Si
414 2695 483 2779 quis
505 2693 635 2776 dixerit,
661 2714 710 2761 res
732 2693 856 2772 finitae,
889 2695 958 2760 tum
980 2711 1139 2778 corporeas
1161 2694 1230 2758 turn
1252 2689 1438 2777 spirituales,
1574 2673 1575 2688 ³

201 2800 256 2866 aut
278 2798 390 2867 saltem
413 2798 600 2884 spirituales,
623 2819 640 2866 e
664 2799 770 2866 divina
790 2798 967 2866 substantie
989 2817 1169 2866 emanasse:

303 3006 359 3073 aut
381 3006 518 3074 divinam
548 3005 714 3074 essentiam
743 3005 793 3071 sui
821 3004 1072 3072 manifestatione
1101 3004 1150 3072 vel
1179 3003 1352 3072 evolutione
1374 3001 1442 3068 lieri

201 3111 323 3190 omnia3

305 3217 359 3282 ant
382 3214 513 3300 deniqne
535 3212 636 3281 Deum
665 3233 731 3281 esse
761 3233 815 3280 ens
838 3213 1011 3280 universale
1032 3232 1086 3280 seu
1109 3211 1325 3294 indefinitum,
1359 3209 1441 3293 quod

201 3339 267 3386 sese
289 3318 521 3387 determinando
545 3317 715 3385 constituat
735 3336 837 3388 rerum
861 3315 1101 3384 universitatum
1123 3316 1156 3382 in
1178 3334 1301 3402 genera,
1325 3314 1441 3400 species
1574 3365 1575 3388 ,

61 3488 64 3492 .
197 3409 234 3490 1ει)
255 3421 415 3489 individua
436 3421 632 3500 distinctam
656 3421 823 3489 anathema
844 3422 895 3488 sit.
1006 3423 1015 3436 ”

306 3527 339 3613 5)
362 3525 395 3592 si
415 3527 483 3612 quie
507 3544 567 3593 non
589 3524 793 3608 confiteatur,
806 3523 968 3604 mundum,
989 3543 1100 3609 resque
1123 3543 1240 3605 omnes,
1262 3509 1341 3609 cuae
1358 3523 1390 3588 in
1406 3535 1441 3588 eo

201 3631 406 3712 continentur,
430 3632 463 3697 et
484 3630 663 3716 spirituales
686 3631 718 3696 et
739 3629 928 3712 materiales,
953 3630 1121 3697 secundum
1144 3631 1244 3696 totam
1259 3647 1347 3695 suam
1363 3627 1439 3693 sub-

200 3735 350 3802 stantium
372 3754 392 3803 a
414 3735 479 3803 Deo
502 3755 538 3804 ex
560 3736 657 3802 nihilo
679 3754 746 3803 esse
767 3735 950 3822 productam

303 3943 471 4012 autllenm
493 3943 605 4010 dixerit
627 3927 686 4012 non
708 3943 867 4012 voluntate
890 3944 929 4011 ab
950 3942 1034 4010 omui
1056 3941 1242 4008 necessitate
1255 3938 1364 4018 libore,
1385 3935 1440 4002 sed
1574 3921 1575 4006 ?

200 4049 265 4114 tam
288 4046 459 4116 necessario
482 4065 612 4130 creasse,
635 4068 730 4133 quarn
752 4049 924 4117 necessario
945 4050 1032 4115 amat
1054 4046 1206 4130 seipsum3

303 4255 537 4344 acimundum
565 4255 605 4323 ad
626 4257 685 4324 Dei
717 4255 849 4340 gloriam
879 4255 1037 4324 conditum
1062 4273 1128 4322 esse
1158 4252 1334 4342 negavere
1368 4267 1438 4316 ana·
1574 4249 1575 4252 ’

201 4361 307 4426 thema
329 4361 381 4427 sit.

632 4514 683 4581 II.
729 4513 780 4578 De
801 4511 1010 4579 Reuelcts‘oca

308 4637 336 4720 l)
359 4636 391 4700 Si
413 4635 483 4720 quis
505 4633 626 4713 dixerit,
649 4633 750 4699 Deum
772 4650 866 4698 unum
890 4632 923 4696 et
945 4649 1060 4708 verum,
1085 4631 1261 4695 Oreatcrern
1285 4629 1318 4693 et
1332 4629 1441 4695 Domi·

1418 4697 1567 4800 ‘n'
