3186 4942
204 221 308 292 ῙΝΠῙ
376 245 468 302 Coma
495 244 593 302 l'atr'c.
612 245 689 302 Scor.
709 248 728 304 1
736 247 780 302 v„-
801 247 903 306 Occsst.
921 251 1022 321 dopna
1039 250 1064 305 1.
1084 250 1121 306 dc
1139 253 1276 308 ccclesia.

210 419 370 488 universae
392 419 547 486 Ecclesiae
567 423 700 506 praeest,
723 421 866 489 docemus
889 424 982 490 etiam
1006 427 1039 492 ct
1060 427 1265 505 declaramus,
1290 445 1361 492 eum
1376 447 1443 494 esse

202 522 338 606 judicem
362 543 539 609 supremum
561 526 699 593 fidelium
722 527 786 610 (Pii
809 529 870 594 ΡΡ.
895 529 948 595 Vl.
971 532 1070 596 Breve
1094 531 1441 617 [„Sccpcrsclidiicte“]

205 627 235 694 d.
259 630 310 696 28.
334 629 413 696 Nos.
439 630 555 715 1786.),
578 631 610 697 ct
632 632 665 696 in
687 631 828 698 omnibus
851 633 953 700 causis
976 634 1014 700 ad
1041 653 1169 701 examen
1199 636 1443 702 ecclesiasticum

205 732 417 816 spectantibus
447 733 486 798 ad
518 734 615 818 ipsius
641 754 728 819 posse
754 736 906 821 judicium
938 739 1054 804 recurri
1077 739 1182 823 (Cone.
1211 740 1335 806 Oscum.
1359 740 1443 824 Lug-

207 837 281 902 dun.
305 838 379 923 11.);
402 837 490 904 Sedis
512 857 584 905 vero
605 840 810 924 Apostolioae,
834 841 922 926 cujus
951 843 1139 910 auctoritate
1169 845 1269 929 major
1295 861 1356 910 non
1384 845 1441 924 cst,
1577 889 1578 912 r

202 940 356 1024 judicium
378 961 398 1007 a
420 943 543 1008 nemine
564 943 628 1010 lore
649 943 894 1024 retractandum,
915 965 1014 1030 neque
1036 947 1178 1032 cuiquam
1201 947 1240 1013 de
1263 948 1329 1033 ejus
1350 948 1444 1015 licere
1577 989 1578 1010 s

204 1044 346 1129 judicare
364 1046 483 1130 judicio
505 1048 572 1132 (Ep.
596 1048 718 1114 Nicolai
747 1049 773 1114 I.
797 1048 836 1114 ad
859 1049 1043 1116 Michaelem
1067 1051 1321 1136 Imperatorem).
1343 1051 1444 1132 Quare

207 1151 334 1215 erecto
355 1151 498 1218 tentatis
521 1154 648 1219 tramite
671 1154 826 1234 aberrant,
849 1155 902 1239 qui
925 1155 1096 1238 affirmant,
1128 1157 1221 1224 licere
1250 1158 1290 1223 ah
1317 1155 1444 1241 judiciis

207 1253 415 1320 Romanomm
449 1256 635 1322 Pontificum
668 1257 707 1322 ad
739 1259 970 1325 oecumenicum
992 1259 1163 1326 Concilium
1206 1262 1367 1346 tamquam
1402 1261 1443 1327 ad

206 1358 425 1426 auctoritatem
448 1361 587 1426 Romam
608 1361 761 1430 Pontifica
782 1363 971 1447 superiorem
993 1364 1158 1448 appellare.

313 1565 346 1634 Si
369 1568 438 1653 quis
459 1569 566 1653 itaque
587 1570 711 1646 dixerit,
741 1571 915 1637 Romanum
946 1571 1127 1639 Pontificem
1158 1571 1271 1639 habere
1300 1569 1444 1636 tautum-

205 1672 295 1738 modo
329 1673 468 1740 cllicium
500 1674 700 1758 inspectionis
731 1676 779 1742 vel
813 1675 1009 1754 directionis,
1043 1695 1104 1742 non
1137 1679 1241 1742 autem
1265 1677 1389 1761 plenam
1411 1677 1445 1740 et

1183 1782 1288 1862 miam,
1312 1799 1371 1846 non
1395 1799 1446 1845 sc-

205 1881 271 1946 lum
294 1881 326 1946 in
348 1881 451 1960 rebus,
474 1901 553 1965 quac
577 1882 616 1947 ad
639 1883 731 1952 fidem
754 1885 787 1950 et
810 1903 921 1963 mores,
943 1883 998 1950 sed
1020 1781 1217 1985 etimfflo
1241 1885 1279 1950 ad
1300 1885 1444 1970 discipli-

208 2005 280 2052 nam
304 1987 337 2052 et
358 1985 498 2071 regimen
520 1987 676 2054 Ecclesiae
699 2007 753 2071 per
774 1989 877 2054 totum
898 1989 1003 2056 orbern
1031 1988 1161 2055 diffusae
1189 1991 1360 2074 pertinent;
1390 1992 1447 2056 ant

208 2109 278 2158 eum
301 2090 415 2156 hahere
444 2091 568 2156 tantum
597 2092 731 2175 potiores
759 2094 880 2176 partes,
910 2113 971 2160 non
998 2112 1069 2160 uero
1099 2095 1198 2160 totam
1220 2094 1444 2178 plenitudinem

208 2197 301 2280 hujus
324 2215 484 2280 supremae
506 2197 683 2281 potestatis3
706 2199 762 2263 aut
784 2197 866 2264 hanc
887 2197 954 2283 cjur
975 2199 1160 2281 potestatem
1183 2217 1243 2264 non
1272 2215 1339 2264 esse
1359 2197 1442 2264 ordi-

209 2302 329 2368 nariam
352 2304 385 2368 et
405 2302 621 2368 immediatam
643 2301 707 2366 sire
729 2301 763 2368 in
784 2321 889 2368 omnes
911 2321 948 2368 ac
970 2303 1110 2388 singulas
1139 2303 1285 2369 ecclesias
1318 2303 1381 2369 sive
1409 2301 1441 2367 in
1577 2335 1578 2370 r

208 2425 313 2473 omnes
336 2409 369 2474 et
389 2406 529 2493 singulos
550 2407 689 2491 pastores
710 2407 744 2472 et
764 2406 888 2486 fideles3
911 2408 1080 2474 mathema
1100 2405 1152 2473 sit.

1047 2858 1062 2896 ll

318 2979 423 3068 chut
443 2979 505 3046 IV.
528 2979 579 3047 Dc
600 2979 741 3047 Romani
763 2979 924 3061 Pontificis
946 2979 1112 3061 insultetili
1133 2979 1323 3064 mapisteric.

290 3121 383 3205 lpse
406 3121 510 3186 autem
532 3119 710 3204 Apostolico
732 3119 879 3203 primatu,
902 3137 993 3202 quem
1014 3118 1173 3183 Romanus
1201 3118 1344 3182 Pontifex
1374 3116 1444 3182 tan-

209 3242 301 3308 quam
325 3223 412 3290 Petri
433 3223 580 3308 principis
601 3223 820 3308 Apostolorum
842 3241 999 3288 successor
1019 3221 1053 3288 in
1074 3220 1251 3288 universam
1273 3221 1443 3288 Ecclesiam
1574 3287 1575 3318 2

210 3329 343 3408 obtinet,
363 3349 540 3414 supremam
561 3347 682 3412 quoque
703 3325 878 3414 magisterii
899 3327 1087 3411 potestatam
1115 3325 1340 3410 comprehendi,
1371 3324 1447 3392 haec

210 3434 326 3502 Sancta
357 3433 451 3500 Sedes
483 3453 603 3518 semper
636 3431 755 3511 tenuit,
787 3432 954 3516 perpetuus
977 3430 1133 3497 Ecclesiae
1161 3449 1235 3496 usus
1257 3429 1445 3512 comprobat,
1574 3447 1575 3506 ς

210 3538 337 3623 ipsaque
369 3538 566 3606 oecumenica
589 3536 742 3617 Corellia,
778 3555 815 3602 ea
847 3535 1016 3620 imprimis,
1046 3535 1078 3600 in
1108 3535 1221 3620 quihus
1242 3533 1353 3602 Oriens
1376 3553 1447 3600 cum

210 3641 377 3710 Occidente
398 3643 431 3708 iu
452 3643 525 3710 fidei
547 3641 774 3736 charitatisque
797 3639 940 3706 unionem
964 3639 1173 3720 conueniebat,
1204 3638 1447 3706 declaraverunt
1573 3653 1574 3656 ’

211 3749 325 3816 Patres
345 3749 429 3814 enim
451 3746 583 3814 Concilii
611 3743 944 3829 Constantinopolitaui
973 3743 1095 3828 quarti,
1124 3744 1276 3828 majorum
1307 3741 1448 3826 uestigiis

210 3849 509 3936 inhaererrdca,hanc
529 3851 697 3918 solemnem
719 3849 882 3916 ediderunt
904 3848 1136 3932 professionem:
1161 3849 1267 3916 Prima
1289 3847 1446 3924 salusest,

210 3959 314 4024 rectae
336 3956 408 4023 fidei
430 3956 572 4041 regulam
594 3954 758 4022 custodire.
802 3954 843 4020 Et
872 3953 945 4037 quia
974 3972 1035 4018 non
1063 3953 1166 4036 potest
1193 3951 1319 4018 Domini
1350 3950 1448 4018 nostri

210 4063 288 4128 Jesu
312 4060 429 4127 Christi
450 4058 661 4144 praetermitti
681 4058 837 4126 sententia
858 4057 1004 4125 dicentis:
1029 4057 1078 4122 Tu
1099 4077 1133 4122 es
1156 4057 1279 4136 Petrus,
1302 4059 1336 4124 et
1356 4075 1448 4139 super

210 4165 290 4232 hauc
311 4167 430 4248 petram
455 4163 624 4232 aedificabo
646 4161 818 4230 Ecclesiam
849 4181 951 4231 meam
979 4159 1332 4246 (merrtem),
1360 4161 1447 4240 hacc,

211 4289 290 4350 quae
314 4271 398 4336 dicta
420 4269 502 4348 sunt,
525 4287 628 4334 rerum
653 4268 820 4351 probantur
842 4267 1014 4344 effectibus,
1036 4266 1110 4352 quie
1132 4266 1164 4332 in
1179 4264 1449 4350 SedeApostolica
1571 4323 1572 4360 r

212 4373 413 4440 immaculata
441 4377 489 4439 est
517 4392 638 4457 semper
666 4371 820 4438 catholica
846 4373 1005 4438 reservata
1025 4371 1155 4456 religIo,
1183 4373 1215 4437 et
1236 4371 1343 4436 sancta
1365 4369 1449 4436 ccle-

212 4478 302 4544 brata
334 4477 484 4543 doctrina.
529 4476 579 4542 Ab
611 4475 706 4560 hujus
739 4493 813 4558 ergo
845 4473 906 4540 fide
935 4477 967 4540 et
989 4475 1129 4542 doctriua
1151 4474 1286 4557 separari
1320 4473 1449 4540 minime
1571 4501 1572 4574 3

212 4583 381 4668 cupientes,
403 4599 573 4666 speramus,
595 4579 686 4644 utin
708 4598 770 4646 una
792 4577 1015 4660 communione,
1036 4597 1129 4666 qnam
1153 4577 1247 4646 Sedes
1268 4576 1450 4663 Apostollca
